2946 5016
565 379 877 450 ..9..’

91 577 240 643 Romani
253 577 458 644 describeret
470 576 570 642 Ennii
585 581 718 643 tantum
735 578 876 644 annales
893 576 1016 643 iontem
1034 575 1227 662 adhibuit.¹)

93 679 181 762 Quid
205 678 292 746 dico!
342 679 559 762 Quocumque
583 682 655 746 loeo
678 700 747 762 qua
769 681 900 746 ratione
924 682 1003 747 urbs
1027 680 1162 747 condita
1182 681 1227 748 sit
1283 699 1284 703 ’

93 784 239 864 exponit,
267 784 390 853 multus
418 783 530 849 estin
558 784 713 851 versibus
740 784 906 851 Ennianis
941 784 1227 866 depromendis²);

93 892 194 968 atque
217 887 316 953 Ennii
344 887 496 972 vestigiis
524 887 712 973 ingressum
743 908 816 954 esse
845 888 989 954 Tullium
1018 893 1123 969 patet,
1152 907 1226 954 cum

90 991 232 1057 Romam
244 1010 318 1057 esse
331 991 498 1058 conditam
512 996 655 1075 augusto
669 991 811 1074 augurio
821 991 993 1072 praedicet
1002 991 1193 1057 identidem.
1201 990 1225 1073 ³)

177 1112 335 1178 Similiter
363 1133 404 1178 cx
434 1112 508 1178 aliis
535 1113 644 1193 poetis
674 1113 827 1193 exempla
849 1112 1053 1192 invenimus;
1082 1112 1140 1178 sed
1164 1115 1227 1180 hoc

91 1235 192 1281 unum
217 1216 396 1296 proferam,
420 1215 507 1297 quod
530 1235 591 1298 pro
615 1215 725 1283 Sestio
751 1222 812 1281 123
836 1235 954 1281 versus
979 1213 1114 1296 quidam
1131 1216 1227 1282 Accii

91 1319 130 1384 de
156 1319 273 1385 Servio
297 1319 406 1385 Tullio
431 1318 580 1384 affertur.
626 1321 713 1385 Nam
747 1337 822 1385 cum
857 1319 891 1383 in
926 1319 1037 1386 animo
1073 1320 1116 1386 sit
1150 1340 1225 1402 per·

90 1422 236 1488 scrutari
264 1423 436 1488 Ciceronis
470 1423 579 1488 fontes
607 1423 794 1503 historicos
821 1423 929 1504 poetis
961 1443 1034 1488 cum
1065 1424 1227 1490 nonnulla

90 1525 247 1592 debuisse
269 1526 336 1592 iam
361 1531 416 1593 sat
438 1532 500 1608 est,
523 1518 728 1608 meminisse,
748 1533 961 1608 ‘quapropter
991 1533 1029 1593 ut
1051 1528 1225 1594 ostendam

90 1629 244 1710 exempla
270 1629 333 1695 sibi
361 1629 555 1697 Ciceronem
583 1631 757 1715 collegisse
787 1651 829 1696 ex
857 1632 1047 1699 oratoribus
1081 1651 1225 1713 quoque,

90 1733 154 1797 hoc
181 1751 283 1798 unum
310 1733 568 1815 perpendamus.
614 1734 738 1800 Parad.
763 1735 857 1800 stoic.
883 1741 963 1815 1,11
994 1736 1153 1819 leguntur
1183 1755 1226 1815 „a

90 1836 202 1901 Numa
216 1836 381 1918 Pompilio
404 1837 557 1904 minusne
581 1842 698 1922 gratas
714 1837 765 1903 dis
781 1838 1025 1904 immortalibus
1041 1838 1224 1920 capudines

90 1959 129 2005 ac
146 1940 267 2007 fictiles
290 1942 430 2008 urnulas
453 1941 559 2008 luisse
582 1961 683 2023 quam
705 1941 862 2009 felicatas
879 1942 1020 2008 aliorum
1044 1941 1224 2027 (Saliorum

88 2044 172 2110 coni.
195 2043 328 2125 Baiter)
350 2050 489 2128 pateras
514 2045 757 2112 arbitramurl“
796 2045 895 2113 Unde
919 2048 1004 2113 baec
1027 2046 1132 2112 verba
1156 2047 1224 2113 sint

87 2148 213 2214 hausta
249 2149 481 2233 cognoscimus
519 2150 560 2215 de
594 2157 663 2215 nat.
698 2151 788 2217 deor.
823 2152 889 2231 HI,
914 2157 964 2231 17,
980 2156 1037 2216 43:
1077 2150 1223 2231 „docebo

87 2250 227 2317 meliora
259 2271 312 2316 me
347 2251 501 2318 didicisse
536 2252 577 2319 de
612 2252 760 2320 colendis
795 2254 845 2320 dis
879 2253 1122 2320 immortalibus
1150 2254 1223 2320 iure

87 2353 256 2435 pontificio
285 2360 319 2421 et
346 2375 437 2422 more
464 2357 629 2422 maiorum
657 2356 897 2438 capedunculis
923 2358 975 2437 iis,
1004 2377 1089 2438 quas
1112 2359 1232 2431 Numa¹

88 2458 183 2523 nobis
217 2458 363 2541 reliquit,
398 2459 439 2525 de
474 2460 595 2541 quibus
629 2461 662 2525 in
700 2461 759 2527 illa
793 2462 932 2527 aureola
966 2460 1223 2528 oratiuncula
1286 2459 1288 2463 ’

88 2561 168 2627 dicit
183 2563 367 2629 Laelius“
392 2562 501 2646 Quam
518 2565 704 2631 orationem
720 2564 760 2630 de
777 2564 925 2649 collegiis
948 2565 1066 2631 habuit
1081 2566 1221 2632 Laelius

86 2670 224 2745 praetor
247 2686 336 2733 anno
360 2687 389 2733 a.
414 2666 491 2734 Chr.
515 2687 546 2733 u.
573 2674 656 2748 145,
680 2688 753 2734 cum
777 2667 926 2734 Licinius
947 2667 1095 2735 Crassus
1119 2673 1159 2734 tr.
1176 2669 1221 2751 pl.

86 2770 287 2853 rogavisset,
311 2790 353 2836 ne
376 2771 561 2851 pontifices,
586 2790 741 2857 augures,
764 2773 830 2838 XV
853 2771 917 2836 viri
941 2793 962 2839 a
984 2772 1125 2857 collegio
1148 2773 1221 2854 ipso

87 2877 340 2956 cooptarentur,
374 2874 433 2942 sed
467 2881 665 2941 crearentur
699 2896 720 2942 a
756 2877 888 2958 populo.
947 2876 1050 2944 Cuius
1089 2876 1221 2957 quidem

87 2977 249 3043 orationis
273 2997 347 3044 cum
370 2980 435 3044 fiat¹
451 2979 577 3045 mentio
600 2979 720 3045 iterum
744 2978 784 3045 de
808 2979 985 3054 deonnat.
1009 2966 1171 3069 III„i2,5
1189 2985 1222 3045 et

87 3099 160 3145 cum
197 3079 238 3147 de
273 3081 462 3148 archaismo
489 3081 647 3148 iudicium
677 3082 807 3149 feratur
832 3084 929 3149 Brut.
959 3087 1075 3163 21,83,
1110 3083 1221 3166 colligi

84 3188 197 3265 potest
220 3205 241 3251 a
257 3184 418 3252 Cicerone
442 3206 514 3252 eam
535 3187 668 3268 penitus
684 3187 871 3269 inspectam
888 3207 971 3255 esse.
1006 3189 1038 3253 N
1040 3207 1078 3253 eo
1094 3187 1220 3267 dubit0,

86 3289 166 3370 quin
200 3289 343 3356 oratoris
367 3288 539 3357 Ciceronis
575 3293 729 3374 exempla
762 3293 922 3358 historica
956 3312 997 3358 ex
1031 3290 1220 3357 oratoribus

85 3392 176 3459 baud
198 3412 277 3460 raro
299 3395 467 3460 fluxerint.

170 3513 292 3581 Restat
316 3518 352 3580 ut
375 3534 566 3581 enumerem
590 3522 806 3583 monumenta
833 3515 1054 3598 antiquitatis,
1079 3534 1217 3596 quorum

85 3617 123 3680 fit
155 3618 278 3684 mentio
307 3617 439 3699 scriptis
468 3617 648 3686 Ciceronis.
695 3619 791 3702 Quae
817 3639 929 3703 pauca
952 3624 1044 3685 sunt:
1080 3617 1217 3703 Signum

83 3793 288 3800 ——-———-.-

173 3890 191 3955 ¹)
207 3891 261 3945 cfr.
280 3892 364 3944 Brut.
384 3892 480 3957 15‚60;
500 3894 537 3946 de
555 3910 639 3961 prou.
659 3911 738 3948 cons.
757 3897 781 3958 9,
792 3896 838 3960 21;
858 3897 895 3948 de
916 3900 987 3948 orat.
1007 3896 1029 3959 I,
1038 3896 1080 3960 45,
1091 3895 1149 3947 198.

169 3977 190 4044 2)
209 3977 246 4030 de
256 3977 316 4030 div.
330 3978 353 4041 1,
363 3978 406 4042 20,
415 3980 446 4032 41
459 3995 515 4046 sq.;
527 3981 550 4044 1,
559 3981 601 4045 48,
609 3982 658 4034 107
667 3981 904 4047 (cerommsen
911 3984 1038 4035 Hermes
1049 3982 1164 4048 XVI,p.
1172 3981 1218 4044 153

82 4063 213 4128 Vahlen,
231 4062 301 4116 Sitz.
320 4064 388 4117 Ber.
407 4065 435 4118 d.
454 4067 532 4119 Berl.
545 4068 598 4120 Ac.
613 4069 687 4132 1894,
700 4069 724 4132 2,
737 4085 766 4135 p.
780 4069 848 4122 1143
860 4070 922 4136 sq.).
950 4069 987 4122 de
1000 4084 1032 4121 re
1045 4085 1073 4134 p.
1086 4070 1109 4132 I,
1120 4069 1160 4131 16,
1170 4067 1218 4131 253

83 4149 105 4212 I,
114 4149 157 4213 41,
167 4150 208 4202 64.
245 4151 332 4203 Tusc.
351 4152 374 4214 I,
385 4151 476 4216 1228.

166 4234 188 4303 ³)
207 4236 259 4288 cfr.
273 4237 379 4300 Varro,
391 4253 415 4289 r.
430 4242 503 4291 rust.
523 4239 622 4304 3.1,2:
641 4246 767 4307 augusto
787 4241 913 4308 augurio
926 4222 1084 4307 postquam
1103 4241 1218 4293 incluta

83 4320 202 4373 condita
220 4322 349 4375 Romast.
