3008 5018
660 389 854 450 ‚5-

188 578 301 656 potest
333 595 373 640 ex
408 575 676 640 Tusculanarum
712 573 976 654 disputationum
1015 571 1125 654 (annis
1160 593 1189 639 a.
1203 573 1279 640 Chr.
1294 592 1325 638 u.

190 683 320 743 45-44
343 674 560 761 scriptarum)
583 676 667 742 libro
684 677 712 757 Ι,
729 696 795 757 quo
810 677 843 741 in
861 677 946 741 libro
963 682 1029 757 (16,
1042 678 1097 754 38)
1113 678 1327 760 Pythagoras

191 777 341 862 Superbo
364 786 527 865 regnante
551 781 585 845 in
609 780 745 845 Italiam
769 780 906 846 venisse
929 785 1098 846 narratur.
1143 780 1289 846 Krische
1302 782 1325 861 “)

67 962 74 981 ,
191 884 277 950 enim
302 905 343 951 ex
366 887 497 968 Nepote
529 884 562 949 id
593 884 825 966 depromptum
851 902 925 949 esse
948 884 1113 964 probavit.
1161 882 1227 949 Sed
1251 883 1325 964 quis

69 1037 73 1064 t
191 993 245 1055 cst
268 989 324 1070 qui
347 989 500 1055 Atticum
523 986 612 1052 idem
635 986 786 1069 proferre
808 987 960 1068 potuisse
984 987 1103 1071 neget?
1122 991 1154 1042 a:

276 1090 372 1173 Quod
407 1091 476 1158 dixi
506 1092 702 1158 Ciceronem
738 1091 904 1173 epitomen
940 1091 1118 1157 cuiuslibet
1151 1091 1325 1173 scriptoris

188 1197 395 1276 perscrutari
418 1196 579 1262 maluisse
595 1214 696 1276 quam
713 1194 970 1261 commentarios
985 1195 1090 1276 ipsos,
1114 1216 1155 1260 ex
1171 1193 1324 1276 epistulis

189 1299 300 1382 colligi
315 1288 437 1381 potest
460 1301 548 1364 Nam
565 1319 653 1364 anno
668 1305 720 1364 46.
735 1318 764 1364 a.
779 1298 856 1365 Ohr.
870 1319 914 1379 n.‚
931 1304 968 1364 ut
984 1317 1131 1364 errorem
1156 1298 1323 1379 quendam

189 1402 372 1484 excuset²)‚
396 1403 563 1484 epitomen
578 1403 843 1483 Fannianorum,
867 1422 933 1468 non
949 1402 1070 1468 Fannii
1093 1403 1198 1484 ipsius
1221 1403 1325 1469 libros

58 1483 61 1487 ⁴
82 1555 86 1565 ,
158 1528 159 1531 ’
187 1505 330 1586 profert3
355 1525 443 1572 anno
458 1511 510 1570 45.
524 1525 554 1571 a.
568 1504 645 1571 Chr.
659 1526 690 1570 n.
715 1505 881 1588 epitomen
896 1506 996 1571 Bruti
1012 1505 1249 1573 Coelianorum
1267 1527 1323 1573 ex-

188 1607 391 1689 pectabat³).
438 1608 504 1675 Sed
527 1608 568 1674 de
593 1627 634 1674 ea
656 1628 693 1674 re
716 1610 890 1674 hactenus,

274 1711 478 1794 Disputandi
490 1712 524 1776 in
540 1719 717 1793 utramque
728 1718 859 1792 partem
872 1711 1094 1793 peritissimus
1107 1719 1182 1778 erat
1194 1714 1322 1780 Cicero.

189 1815 255 1897 Qui
278 1816 312 1881 in
335 1816 486 1881 oratione
509 1834 569 1896 pro
594 1814 785 1898 Comelio⁴l
809 1815 912 1897 (anno
936 1821 986 1881 65.
1001 1835 1030 1881 a.
1045 1814 1122 1882 Chr.
1136 1835 1167 1881 n.
1184 1817 1324 1899 hahita),

189 1918 269 1999 quia
292 1938 399 1986 causa
420 1920 593 2001 popularis
617 1924 700 1999 erat,
723 1919 932 2001 paenituisse
949 1918 997 1985 ait
1011 1918 1211 2001 Scipionem,
1234 1921 1323 2002 quod

187 2041 309 2104 passus
326 2029 416 2090 esset
429 2023 558 2089 secerni
572 2042 592 2088 a
605 2027 719 2088 cetero
731 2041 892 2089 consessu
904 2023 1100 2104 spectacula
1113 2027 1323 2105 senatorum3

186 2127 220 2190 in
236 2126 387 2192 oratioue
404 2131 516 2195 autem
532 2125 573 2191 de
588 2126 806 2207 haruspicum
821 2145 983 2207 responso
994 2124 1030 2206 ⁵),
1057 2127 1138 2207 quia
1152 2127 1184 2192 in
1203 2134 1324 2193 senatu

186 2229 385 2310 habebatur,
419 2229 514 2295 cuius
549 2229 688 2296 auribus
723 2233 797 2295 erat
830 2228 1079 2310 blandiendum,
1114 2238 1147 2296 et
1185 2250 1323 2314 magno-

185 2351 265 2414 pere
289 2332 477 2415 Scipionem
509 2332 627 2398 laudat
658 2337 692 2398 et
725 2352 792 2397 uon
827 2338 998 2399 auctorem
1028 2332 1131 2399 fuisse
1155 2333 1258 2399 dandi
1281 2369 1323 2378 —

188 2456 266 2502 nam
288 2436 322 2503 id
345 2441 420 2502 erat
442 2436 551 2502 levius
574 2468 622 2479 -·
640 2435 699 2502 sed
721 2435 831 2519 ipsum
855 2436 956 2502 etiam
984 2435 1116 2503 dedisse
1133 2436 1231 2503 sedes
1246 2437 1323 2504 illas

188 2539 276 2606 dicit.
332 2541 451 2620 Neque
488 2540 685 2621 Asconium,
724 2539 819 2605 cuius
858 2541 1095 2606 commentario
1134 2540 1324 2626 fragmenta

186 2644 347 2709 nonnulla
379 2643 478 2709 illius·
504 2644 667 2710 orationis
700 2663 762 2725 pro
786 2642 941 2710 Cornelio
963 2644 1100 2711 habitae
1124 2644 1221 2710 nobis
1244 2665 1322 2711 con·

186 2751 324 2811 servata
357 2751 446 2828 sunt,
480 2748 566 2813 haec
599 2747 693 2832 fugit.
739 2749 960 2813 Persecutum
984 2754 1096 2814 autem
1120 2748 1264 2814 Tullium
1288 2749 1322 2814 iu

188 2849 339 2915 oratione
363 2851 535 2917 senatoria
555 2851 757 2932 scriptorum
773 2856 887 2917 aetate
902 2852 1066 2917 minorum
1083 2851 1228 2936 vestigia
1243 2870 1322 2916 con·

186 2955 279 3035 iecit;
303 2954 361 3020 sed
386 2973 448 3039 ego
471 2956 591 3022 nescio
608 2975 652 3022 an
674 2956 747 3038 ipse
771 2955 945 3023 historiam
969 2956 1086 3024 Oioero
1110 2956 1321 3038 perverterit.

274 3057 349 3124 Non
384 3058 494 3125 minus
528 3059 678 3125 oratoria
712 3059 879 3126 calliditas
912 3059 946 3125 iu
982 3060 1133 3127 oratione
1161 3061 1322 3129 dedomo

188 3161 408 3245 cognoscitur,
443 3157 517 3228 cum
551 3164 708 3247 legantur
742 3168 793 3244 32,
806 3168 862 3228 86:
899 3171 954 3245 „at
988 3183 1079 3244 veru,
1114 3169 1152 3230 ut
1181 3167 1322 3232 annales

186 3264 301 3347 populi
321 3265 466 3332 Romani
489 3270 523 3332 et
545 3271 760 3332 monumenta
785 3267 967 3334 vetustatis
990 3267 1182 3348 loquuntur,
1205 3269 1322 3335 Kaeso

187 3368 243 3434 ille
267 3368 446 3451 Quinctius
470 3375 503 3434 et
525 3371 569 3435 M.
593 3369 718 3436 Furius
735 3369 896 3437 Camillus
920 3376 954 3437 et
976 3369 1011 3437 O.
1030 3370 1191 3438 Servilius
1209 3371 1323 3438 Ahala

188 3491 262 3537 cum
286 3476 401 3538 essent
423 3473 545 3554 optime
573 3472 614 3538 de
637 3493 674 3539 re
696 3473 833 3554 publica
855 3475 974 3554 meriti,
997 3480 1110 3542 tamen
1133 3475 1248 3557 populi
1271 3476 1321 3541 in-

188 3575 281 3641 citati
316 3576 384 3641 vim
416 3575 694 3659 iracundiamque
717 3577 905 3658 subierunt3
940 3577 1156 3660 damnatique
1179 3580 1322 3647 comitiis

187 3677 384 3745 centuriatis
401 3679 525 3746 cumin
542 3681 676 3746 exilium
693 3679 930 3766 profugissent,
951 3700 1092 3750 rursus
1117 3681 1163 3747 ab
1187 3682 1320 3749 ecdem

186 3783 331 3864 populo
352 3783 515 3865 placato
549 3783 688 3850 suntin
711 3803 822 3851 suam
845 3786 1058 3868 pristinam
1081 3785 1321 3870 dignitatem

62 3890 119 3969 erl
186 3886 408 3953 restituti“.
454 3888 541 3953 Nam
576 3907 685 3969 neque
717 3889 835 3955 Kaeso
866 3889 1043 3971 Quinctius
1078 3909 1186 3971 neque
1209 3890 1324 3957 Ahala

278 4141 295 4208 1)
314 4140 332 4194 l.
344 4142 425 4195 sall.
542 4142 562 4210 2)
582 4144 620 4195 ad
637 4143 727 4197 Attio.
745 4145 815 4210 XII,
825 4147 850 4210 5,
859 4146 884 4199 3.
1000 4147 1021 4215 ⁸)
1039 4146 1077 4199 ad
1096 4146 1184 4202 Attio.
1203 4148 1286 4212 ΧΙΠ,
1296 4149 1321 4202 8.

271 4225 293 4292 4)
311 4226 379 4292 frgt.
399 4227 439 4292 12,
462 4226 565 4281 Orelli.
1025 4261 1027 4265 ·

271 4311 291 4375 5)
311 4311 351 4373 12,
363 4312 396 4364 24
414 4310 525 4367 thabita
544 4317 589 4366 est
607 4312 698 4366 oratio
718 4330 795 4368 anno
815 4333 840 4369 a.
851 4317 919 4370 (ihr.
929 4333 959 4371 n.
969 4320 1020 4383 56).
