2946 5016
629 306 844 366 „21-

167 491 275 558 fuisse
303 490 602 571 obnuntiationem,
630 497 672 557 ut
699 491 757 557 ait
782 491 884 557 idem
914 511 1040 573 augur
1067 497 1106 556 61
1132 491 1303 558 censor“.

168 598 213 662 Et
247 601 285 662 ut
319 614 484 676 exponam
519 615 587 676 qua
621 595 662 661 (16
696 614 802 661 causa
826 594 943 661 Cicero
966 595 1116 660 Ateiana
1148 596 1207 661 illa
1241 597 1305 661 etsi

168 706 267 766 erant
289 699 475 766 levidensis
497 699 675 779 rettulerit,
693 718 758 764 non
782 698 896 765 dubito
921 699 1000 780 quin
1017 700 1050 763 in
1066 699 1204 764 Pulchri
1219 699 1309 764 libro

168 805 324 888 augurali
361 803 502 868 verbose
537 807 571 867 et
603 802 712 869 fusius
747 808 888 868 narrata
911 803 1044 882 fuerint,
1068 822 1143 869 cum
1166 802 1305 868 Pulchri

167 908 308 992 auguris
331 908 511 972 interesset
534 926 575 971 ea
592 925 678 986 quae
696 925 815 972 censor
830 912 1010 972 notaverat
1024 925 1180 990 purgare.
1190 905 1211 987 ¹)
1250 909 1303 971 Ac
1400 903 1401 909 ’

167 1011 200 1074 111
235 1009 335 1076 fallor
368 1010 488 1074 librum
522 1009 615 1075 illum
639 1008 785 1075 Pulcher
820 1009 962 1075 maxime
997 999 1038 1074 ob
1067 1029 1140 1074 eam
1164 1028 1301 1075 causam

167 1114 314 1196 scripsit,
330 1118 367 1180 ut
384 1132 468 1194 quas
483 1114 670 1195 protulerat
686 1112 726 1178 de
750 1112 852 1178 rebus
873 1112 1093 1197 auguralibus
1118 1112 1303 1176 sententias
1403 1123 1407 1131 ·

167 1202 371 1283 defenderet.
407 1216 503 1298 Quod
520 1200 653 1298 quidem
670 1217 780 1283 elucet
796 1236 837 1281 61(
853 1202 970 1281 verbis⁴
981 1215 1022 1280 de
1039 1214 1104 1279 (111.
1120 1216 1211 1294 Ι,47,
1226 1220 1302 1280 105:

170 1321 263 1400 ,Tibi
297 1318 356 1402 (sc.
391 1321 435 1385 M.
471 1318 639 1404 Ciceroni)
672 1321 742 1401 Ap.
778 1319 972 1386 Claudius
1010 1338 1136 1403 augur
1168 1319 1302 1384 consuli

167 1425 336 1491 nuntiavit
371 1423 569 1490 addubitato
593 1424 721 1490 Salutis
756 1424 898 1506 augurio
933 1424 1055 1496 bellum
1083 1422 1302 1488 domesticum

167 1528 263 1595 triste
287 1547 328 1595 ac
349 1528 577 1594 turbulentum
600 1528 686 1603 fore3
715 1527 804 1608 quod
829 1579 885 1593 ...
910 1547 931 1593 a
955 1534 987 1592 te
1012 1579 1069 1592 ...
1094 1545 1300 1607 oppressum.

167 1631 239 1698 Cui
268 1631 424 1712 quidem
452 1630 879 1715 auguri'vehementer
913 1630 1129 1696 adsentior.
1187 1629 1302 1696 Solus

167 1735 254 1802 enim
290 1737 469 1802 multorum
508 1755 672 1801 annorum
709 1734 1009 1824 nondccantandi
1047 1733 1194 1818 augurii,
1233 1733 1300 1799 sed

166 1832 375 1904 divinandi
418 1839 548 1904 tenuit
586 1838 857 1918 disciplinam.
908 1857 1020 1918 quem
1066 1836 1301 1902 inridebant

166 1943 351 2027 collegae
396 1943 453 2009 1111
492 1962 634 2024 eumque
672 1951 742 2008 tum
779 1943 958 2008 Pisidam
1003 1949 1072 2007 tum
1111 1942 1300 2006 Soranum

167 2065 363 2130 augurem·
395 2066 482 2112 esse
521 2047 723 2126 dicebant,
761 2046 881 2126 quibus
920 2046 1014 2111 nulla
1052 2045 1230 2110 videbatur
1266 2043 1301 2109 in

167 2151 317 2234 auguriis
342 2158 401 2216 aut
423 2150 620 2231 praesensio
645 2154 704 2215 aut
727 2150 868 2215 scientia
890 2149 1045 2214 veritatis
1068 2149 1203 2213 futurae
1228 2149 1297 2213 ...“

166 2256 241 2320 Hoc
265 2274 307 2320 61(
330 2255 402 2320 1666
426 2274 493 2334 qua
516 2255 557 2318 (16
582 2273 688 2319 causa
709 2253 830 2318 librum
854 2273 949 2319 suum
968 2252 1120 2319 Ciceroni
1137 2251 1301 2317 dedicarit

164 2359 313 2424 Pulcher
335 2358 577 2442 cognoscimus.
624 2356 791 2438 Sperabat
814 2357 901 2421 enim
923 2357 1015 2422 haud
1038 2355 1137 2421 dubie
1159 2355 1194 2419 in
1218 2374 1299 2421 suas

164 2469 279 2544 partes
304 2482 340 2529 se
363 2467 550 2542 tracturum
574 2481 648 2527 esse
672 2463 836 2546 collegam
845 2462 870 2542 ²)
888 2462 1082 2527 Ciceronem
1102 2461 1300 2543 praesertim

165 2587 239 2633 cum
256 2566 379 2648 optime
395 2567 534 2632 meritus
551 2569 641 2631 esset
657 2565 697 2631 de
715 2564 876 2631 Cicerone
893 2565 1030 2631 consule
1050 2565 1083 2629 in
1101 2564 1300 2630 Catilinaria

165 2670 406 2736 coniuratione.

251 2793 358 2857 Porro
374 2790 497 2856 mentio
513 2790 656 2855 infertur
672 2788 805 2855 Claudii
821 2789 960 2854 Pulchri
976 2788 1017 2853 de
1034 2789 1099 2854 div.
1115 2790 1143 2868 I,
1156 2795 1207 2868 58,
1223 2796 1298 2854 132:

167 2914 276 2975 ,nunc
298 2894 357 2959 illa
380 2893 540 2973 testabor,
563 2912 630 2957 non
655 2912 706 2957 me
729 2889 789 2975 (sc.
812 2891 850 2972 Q.
872 2890 1025 2976 fratrem)
1053 2893 1297 2975 sortilegos...

166 3017 206 3063 ne
238 2996 495 3080 psychomantia
527 2995 670 3076 quidem,
703 2994 823 3076 quibus
847 2996 1018 3076 Appiae,
1048 2996 1175 3061 anricus
1210 3000 1298 3075 tuus,

165 3099 222 3166 uti
256 3100 429 3179 solebat,
465 3100 692 3184 agnoscere.³)
741 3099 897 3179 Denique
931 3098 971 3164 (16
1006 3099 1071 3165 div.
1096 3100 1143 3179 ΙΙ,
1167 3105 1218 3178 35,
1243 3103 1298 3164 75:

167 3203 340 3285 „equidem
364 3203 423 3285 (sc.
437 3205 482 3268 M.
497 3201 629 3283 Cicero)
659 3203 870 3269 adsentior
892 3202 927 3270 Ο.
951 3203 1143 3269 Μ6166116
1165 3203 1298 3284 potius

163 3327 283 3390 quam
302 3307 372 3397 ¹hp.
398 3306 582 3386 Claudio,
617 3306 674 3387 qui
697 3307 795 3372 ambo
818 3306 883 3371 mei
907 3306 1087 3391 collegae
1122 3307 1298 3388 fuerunt,
1424 3394 1427 3399 ‚

164 3412 408 3493 existimoque.
429 3463 435 3475 .
454 3410 506 3475 ..⁶⁶
547 3409 621 3492 Quo
645 3430 686 3475 ex
708 3411 782 3476 loco
806 3409 911 3476 conici
933 3414 1045 3490 potest
1060 3410 1242 3476 Pulchrum
1266 3416 1299 3475 et
1384 3422 1385 3426 ’

163 3515 360 3581 Μ61661111111
386 3515 454 3579 iam
483 3517 561 3579 ante
590 3533 714 3579 annum
742 3519 794 3580 44.
819 3533 848 3579 a.
874 3512 950 3579 Chr.
975 3533 1006 3578 n.
1035 3519 1185 3580 mortuos
1214 3533 1297 3579 esse.

251 3805 269 3874 ¹)
288 3807 363 3857 Nam
376 3806 507 3857 Pulchro
527 3805 646 3858 crimini
666 3805 733 3858 data
751 3821 816 3858 csse
835 3805 956 3858 videtur
974 3809 1043 3858 nota
1055 3805 1106 3856 iha
1119 3805 1151 3856 in
1163 3806 1298 3870 Ateium3

161 3893 195 3954 id
215 3893 295 3960 quod
308 3893 357 3944 vel
370 3908 386 3945 6
400 3892 432 3956 Q.
447 3892 599 3945 Ciceronis
612 3892 709 3958 ipsius
727 3891 838 3956 verbis,
851 3892 963 3958 quibus
975 3895 1044 3944 nota
1056 3892 1298 3958 reprehenditur,

163 3979 294 4047 colliges.
659 4029 661 4034 ,

247 4063 269 4132 2)
289 4063 392 4117 Cicero
420 4065 485 4130 ipse
513 4080 609 4132 augur
638 4068 755 4117 creatus
783 4069 827 4118 est
854 4081 931 4117 anno
955 4066 1001 4128 533
1030 4065 1081 4116 cfr.
1101 4065 1133 4117 P.
1152 4064 1296 4129 Ribbeck,

163 4151 321 4206 Senatores
339 4151 465 4204 Romani
484 4153 590 4217 (Berol.
610 4152 687 4220 1899)
704 4168 736 4218 p,
752 4153 768 4204 5
786 4168 834 4205 no.
852 4154 876 4205 6.

247 4237 269 4305 ³)
287 4239 374 4289 Tusc.
393 4237 415 4301 Ι,
428 4238 467 4302 16,
477 4238 510 4289 37
529 4237 611 4290 idem
629 4242 776 4291 narratur.
