2946 5016
522 475 738 535 ...ff-.-

147 660 290 727 Probari
326 663 449 740 autem,
485 679 572 741 quae
605 659 735 726 Jordan
771 659 921 740 coniecit,
959 664 1031 725 tum
1065 659 1197 726 demum

58 768 230 846 poterunt,
264 784 338 831 oum
369 764 410 829 de
434 764 587 848 Dionysii
612 764 760 830 lontibus
785 763 977 829 accuratius
1001 764 1124 829 erimus
1147 763 1196 828 in-

59 868 196 948 structi;
213 869 370 950 quoniam
387 868 497 934 adhuc
509 888 575 934 non
589 868 673 934 satis
686 871 821 934 constat
833 867 1006 954 cuiusnam
1024 867 1197 948 scriptoris

60 971 208 1056 vestigia
232 972 510 1039 Halicarnassius
535 971 735 1053 quibusdam
762 971 796 1036 in
830 971 983 1053 partibus
1014 971 1197 1055 collegerit,

60 1079 174 1141 utrum
195 1075 323 1140 Valerii
338 1075 489 1141 Antiatis
514 1094 557 1140 an
573 1075 695 1140 Licinii
709 1074 816 1141 Macri
841 1094 884 1140 an
908 1074 998 1139 tertii
1022 1074 1197 1156 scriptoris

62 1183 122 1244 aut
138 1178 394 1244 alterumutrum
412 1184 472 1244 aut
486 1183 665 1258 utrumque
682 1178 789 1244 secuti
801 1177 842 1259 ¹3?
866 1175 963 1259 Quod
980 1196 1060 1243 vero
1077 1177 1199 1244 attinet

59 1280 101 1347 ad
126 1287 278 1346 oratores
300 1280 396 1346 Brut.
413 1286 462 1361 14,
475 1286 516 1345 53
529 1299 577 1361 sq.
602 1286 827 1360 enumeratos,
851 1299 989 1362 prorsus
1018 1300 1083 1346 non
1111 1301 1193 1362 qua·

60 1383 162 1449 drant
184 1383 218 1448 in
242 1382 395 1466 Dionysii
419 1382 544 1449 iontem
568 1403 655 1465 quae
679 1383 720 1450 de
743 1385 781 1449 L.
805 1384 912 1449 Bruto
936 1389 970 1449 et
992 1385 1036 1450 M.
1060 1384 1197 1449 Valerio

60 1487 208 1553 Maximo
243 1505 264 1552 a
298 1485 459 1554 Cicerone
492 1488 718 1569 proferuntur.
764 1489 852 1554 Nam
886 1506 959 1554 cum
992 1488 1029 1552 L.
1054 1489 1198 1554 Brutum

60 1590 211 1675 collegae
246 1609 307 1655 suo
341 1590 515 1671 imperium
550 1591 734 1677 abrogasse
760 1590 878 1657 Cicero
913 1595 946 1656 et
974 1590 1198 1671 antiquissimi

60 1694 242 1777 scriptores
277 1694 365 1759 inter
388 1713 424 1760 se
449 1699 647 1778 congruant,
671 1695 874 1762 Collatinum
898 1694 1056 1761 Lucretio
1080 1713 1198 1761 socero

60 1798 226 1864 suadente
260 1798 398 1880 imperio
432 1818 468 1864 se
504 1798 679 1865 abdicasse
714 1799 818 1865 tradit
852 1798 1070 1882 Dionysius²y
1106 1797 1196 1864 haud

60 1901 161 1967 dubie
197 1901 378 1983 scriptores
410 1907 522 1968 aetate
548 1902 691 1968 minores
714 1908 859 1968 secutus.
905 1903 993 1968 Nam
1016 1902 1097 1968 Piso
1121 1901 1197 1968 Cal·

59 2005 201 2086 purnius
223 2005 351 2086 primus
375 2005 515 2093 tradidit
538 2025 677 2073 crasse
692 2007 847 2086 Brutum,
869 2011 906 2071 ut
924 2024 1007 2086 „sua
1021 1997 1197 2071 voluntate

59 2108 250 2176 Collatinus
288 2108 555 2191 concederet“³),
593 2110 748 2176 nimirum
785 2095 1016 2194 indignatione
1051 2108 1196 2190 quadam

23 2275 33 2283 ,
60 2210 216 2292 affectus,
240 2211 329 2292 quod
353 2213 480 2278 consuli
503 2213 678 2294 imperium
701 2217 793 2279 esset
825 2212 1032 2296 abrogatum.
1079 2213 1196 2293 Neque

61 2315 172 2381 minus
205 2315 293 2380 iuter
327 2334 362 2380 se
396 2315 556 2382 differunt
590 2314 707 2382 Cicero
743 2320 777 2381 et
812 2315 994 2399 Dionysius
1029 2335 1103 2381 oum
1143 2316 1196 2381 hic

61 2423 179 2484 narret
201 2419 257 2484 Μ’.
281 2418 454 2484 Valerium
478 2438 552 2484 cum
575 2419 672 2502 plebe
697 2418 808 2504 egisse
836 2419 988 2500 deposito
1023 2418 1196 2501 honore⁴)‚

60 2522 116 2586 ille
141 2526 260 2587 contra
285 2521 363 2601 M.⁵)
385 2521 560 2588 Valerium
594 2521 791 2588 dictatorem
827 2522 1013 2588 discordias
1048 2522 1196 2588 sedasse.

64 2625 206 2691 Fabella
241 2629 353 2690 autem
380 2624 439 2690 illa
462 2624 503 2690 (16
526 2626 581 2690 Μ’.
606 2625 743 2691 Valerio
768 2626 925 2691 extremis
949 2625 1154 2707 temporibus
1178 2645 1199 2691 a

62 2728 200 2795 Valerio
223 2728 365 2794 Antiate
388 2730 468 2793 fieta
491 2733 552 2808 est,
576 2734 613 2794 ut
635 2728 829 2795 Hirschfeld
852 2729 1009 2810 probavit
1018 2728 1051 2812 θ1.
1097 2732 1210 2819 Patet

61 2834 167 2918 igitur
189 2833 331 2914 primum
352 2832 417 2898 alio
434 2838 571 2898 auctore
589 2852 629 2898 ao
645 2832 844 2916 Dionysium
860 2852 957 2899 usum
974 2853 1047 2900 esse
1064 2834 1198 2901 Cicero-

62 2955 153 3017 nem,
191 2935 311 3001 deinde
349 2936 438 3001 huno
474 2935 572 3001 modo
610 2936 803 3002 memoriam
842 2936 1061 3004 vetustiorem
1102 2937 1199 3003 modo

61 3039 293 3118 recentiorem,
328 3057 403 3104 eam
438 3058 523 3120 quae
559 3039 669 3106 minus
704 3040 768 3105 fide
797 3040 899 3124 digna
922 3048 1022 3121 esset,
1046 3048 1198 3107 secutum

62 3162 149 3210 esse.
185 3142 251 3209 Sed
268 3141 463 3208 Ciceronem
484 3143 709 3224 compluribus
734 3163 775 3208 ex
799 3144 976 3211 annalibus
1001 3145 1197 3226 compilasse

62 3265 150 3328 quae
174 3245 215 3311 de
238 3247 429 3311 oratoribus
444 3247 605 3312 Romanis
630 3247 870 3327 antiquissimis
893 3249 949 3313 illo
973 3249 1045 3314 loeo
1061 3249 1198 3329 profert,

61 3350 138 3432 quis
163 3349 226 3415 sibi
248 3348 468 3430 persuadeat!
507 3350 622 3431 Atque
645 3355 681 3416 ut
705 3350 813 3419 dicam
838 3351 917 3432 quid
933 3352 1091 3419 sentiam:
1113 3355 1197 3419 Pro·

61 3451 206 3519 babillus
218 3451 296 3517 mihi
310 3451 445 3518 videtur
457 3452 652 3519 Ciceronem
663 3454 697 3520 in
712 3455 911 3521 enarrandis
927 3456 991 3522 illis
1008 3457 1198 3524 oratoribus

62 3556 228 3624 Licinium
263 3556 412 3621 Macrum
454 3575 553 3637 quam
588 3557 760 3623 Antiatem
801 3564 952 3626 secutum
991 3580 1074 3626 esse.
1133 3560 1198 3626 Sed

62 3715 270 3723 *a*

151 3798 170 3864 ¹)
189 3799 241 3851 cir.
260 3797 364 3861 Virck‚
393 3797 520 3861 Quellen
542 3799 595 3850 des
613 3799 719 3851 Livius
738 3815 766 3852 u.
786 3801 910 3867 Dionys.
930 3801 1100 3868 (Argentcr.
1120 3801 1200 3869 1877)

61 3901 90 3952 p.
109 3884 158 3947 233
177 3885 219 3936 ὃὸ.

149 3969 170 4038 ²)
188 3970 224 4034 V,
235 3970 328 4022 c-12.

149 4055 171 4125 ⁸)
190 4056 305 4110 Gellius
324 4058 360 4110 N.
371 4058 406 4110 A.
416 4057 484 4122 XV5
494 4058 535 4109 rc.

149 4141 345 4210 Cssfflm

149 4229 227 4298 δ)(16
254 4230 449 4297 praenomine
468 4232 568 4282 Marco
597 4235 647 4283 ant
667 4231 766 4283 Manio
790 4232 842 4284 eir.
863 4232 1038 4296 Mommsen,
1059 4232 1089 4284 C.
1099 4230 1126 4287 J.
1136 4233 1168 4285 L.
1179 4230 1201 4285 1.

64 4316 111 4371 cd.
130 4316 155 4382 2,
173 4331 202 4384 p.
221 4315 281 4368 190.

71 4454 73 4459 .
150 4401 172 4468 θ)
191 4401 374 4469 Philologus,
396 4402 430 4453 34
448 4419 476 4469 p.
496 4403 582 4469 ilbsq.
988 4369 997 4425 Ι

1065 4492 1081 4543 2
1160 4490 1163 4495 .
