<?xml version="1.0" encoding="UTF-8"?>
<!DOCTYPE html PUBLIC "-//W3C//DTD XHTML 1.0 Transitional//EN"
    "http://www.w3.org/TR/xhtml1/DTD/xhtml1-transitional.dtd">
<html xmlns="http://www.w3.org/1999/xhtml" xml:lang="en" lang="en">
 <head>
  <title>
</title>
<meta http-equiv="Content-Type" content="text/html;charset=utf-8" />
  <meta name='ocr-system' content='tesseract 3.04.00' />
  <meta name='ocr-capabilities' content='ocr_page ocr_carea ocr_par ocr_line ocrx_word'/>
</head>
<body>
  <div class='ocr_page' id='page_1' title='image "./deciceronehisto00zinggoog_0041.png"; bbox 0 0 2946 5016; ppageno 0'>
   <div class='ocr_carea' id='block_1_1' title="bbox 635 399 849 458">
    <p class='ocr_par' dir='ltr' id='par_1_1' title="bbox 635 399 849 458">
     <span class='ocr_line' id='line_1_1' title="bbox 635 399 849 458; baseline -0.005 -19"><span class='ocrx_word' id='word_1_1' title='bbox 635 399 849 458; x_wconf 79' lang='lat'>..34-</span> 
     </span>
    </p>
   </div>
   <div class='ocr_carea' id='block_1_2' title="bbox 169 582 1312 1375">
    <p class='ocr_par' dir='ltr' id='par_1_2' title="bbox 169 582 1312 1375">
     <span class='ocr_line' id='line_1_2' title="bbox 170 582 1308 651; baseline -0.002 -2"><span class='ocrx_word' id='word_1_2' title='bbox 170 583 335 649; x_wconf 87' lang='lat' dir='ltr'>rationem</span> <span class='ocrx_word' id='word_1_3' title='bbox 356 583 449 650; x_wconf 88' lang='lat' dir='ltr'>illam</span> <span class='ocrx_word' id='word_1_4' title='bbox 471 583 644 650; x_wconf 76' lang='lat' dir='ltr'>Ciceronis</span> <span class='ocrx_word' id='word_1_5' title='bbox 666 583 700 649; x_wconf 93' lang='lat' dir='ltr'>in</span> <span class='ocrx_word' id='word_1_6' title='bbox 717 582 921 651; x_wconf 87' lang='lat' dir='ltr'>Corneliana</span> <span class='ocrx_word' id='word_1_7' title='bbox 944 583 1095 649; x_wconf 88' lang='lat' dir='ltr'>oratione</span> <span class='ocrx_word' id='word_1_8' title='bbox 1119 582 1213 648; x_wconf 91' lang='lat' dir='ltr'>nohis</span> <span class='ocrx_word' id='word_1_9' title='bbox 1229 599 1308 648; x_wconf 90' lang='lat' dir='ltr'>con·</span> 
     </span>
     <span class='ocr_line' id='line_1_3' title="bbox 171 685 1310 767; baseline -0.002 -15"><span class='ocrx_word' id='word_1_10' title='bbox 171 692 342 753; x_wconf 84' lang='lat' dir='ltr'>servatam</span> <span class='ocrx_word' id='word_1_11' title='bbox 374 707 451 753; x_wconf 90' lang='lat' dir='ltr'>cum</span> <span class='ocrx_word' id='word_1_12' title='bbox 484 706 525 752; x_wconf 85' lang='lat' dir='ltr'>ex</span> <span class='ocrx_word' id='word_1_13' title='bbox 558 685 650 752; x_wconf 82' lang='lat' dir='ltr'>fonte</span> <span class='ocrx_word' id='word_1_14' title='bbox 683 686 809 754; x_wconf 87' lang='lat' dir='ltr'>hausta</span> <span class='ocrx_word' id='word_1_15' title='bbox 837 686 881 752; x_wconf 88' lang='lat' dir='ltr'>sit</span> <span class='ocrx_word' id='word_1_16' title='bbox 908 687 1094 753; x_wconf 82' lang='lat' dir='ltr'>vetustiore</span> <span class='ocrx_word' id='word_1_17' title='bbox 1118 704 1219 767; x_wconf 88' lang='lat' dir='ltr'>quam</span> <span class='ocrx_word' id='word_1_18' title='bbox 1243 704 1310 766; x_wconf 91' lang='lat' dir='ltr'>quo</span> 
     </span>
     <span class='ocr_line' id='line_1_4' title="bbox 171 789 1312 875; baseline -0.002 -20"><span class='ocrx_word' id='word_1_19' title='bbox 171 790 289 856; x_wconf 81' lang='lat' dir='ltr'>Livius</span> <span class='ocrx_word' id='word_1_20' title='bbox 323 791 494 871; x_wconf 85' lang='lat' dir='ltr'>utebatur,</span> <span class='ocrx_word' id='word_1_21' title='bbox 525 809 592 855; x_wconf 94' lang='lat' dir='ltr'>non</span> <span class='ocrx_word' id='word_1_22' title='bbox 625 790 704 856; x_wconf 89' lang='lat' dir='ltr'>licet</span> <span class='ocrx_word' id='word_1_23' title='bbox 726 790 954 875; x_wconf 83' lang='lat' dir='ltr'>neglegamus</span> <span class='ocrx_word' id='word_1_24' title='bbox 1002 789 1067 856; x_wconf 88' lang='lat' dir='ltr'>Sed</span> <span class='ocrx_word' id='word_1_25' title='bbox 1101 789 1239 870; x_wconf 83' lang='lat' dir='ltr'>quinam</span> <span class='ocrx_word' id='word_1_26' title='bbox 1267 789 1312 854; x_wconf 89' lang='lat' dir='ltr'>sit</span> 
     </span>
     <span class='ocr_line' id='line_1_5' title="bbox 171 891 1310 975; baseline -0.001 -17"><span class='ocrx_word' id='word_1_27' title='bbox 171 893 226 959; x_wconf 89' lang='lat' dir='ltr'>ille</span> <span class='ocrx_word' id='word_1_28' title='bbox 257 893 331 960; x_wconf 86' lang='lat' dir='ltr'>fons</span> <span class='ocrx_word' id='word_1_29' title='bbox 354 914 420 959; x_wconf 92' lang='lat' dir='ltr'>non</span> <span class='ocrx_word' id='word_1_30' title='bbox 443 896 593 974; x_wconf 82' lang='lat' dir='ltr'>constat3</span> <span class='ocrx_word' id='word_1_31' title='bbox 618 894 731 959; x_wconf 89' lang='lat' dir='ltr'>nescio</span> <span class='ocrx_word' id='word_1_32' title='bbox 755 913 799 959; x_wconf 92' lang='lat' dir='ltr'>an</span> <span class='ocrx_word' id='word_1_33' title='bbox 823 891 952 974; x_wconf 90' lang='lat' dir='ltr'>Cicero,</span> <span class='ocrx_word' id='word_1_34' title='bbox 975 894 1098 975; x_wconf 87' lang='lat' dir='ltr'>qnippe</span> <span class='ocrx_word' id='word_1_35' title='bbox 1113 911 1211 974; x_wconf 90' lang='lat' dir='ltr'>quem</span> <span class='ocrx_word' id='word_1_36' title='bbox 1228 892 1310 957; x_wconf 91' lang='lat' dir='ltr'>mihi</span> 
     </span>
     <span class='ocr_line' id='line_1_6' title="bbox 169 996 1309 1079; baseline -0.003 -15"><span class='ocrx_word' id='word_1_37' title='bbox 169 997 376 1079; x_wconf 87' lang='lat' dir='ltr'>persuadere</span> <span class='ocrx_word' id='word_1_38' title='bbox 400 1017 466 1063; x_wconf 91' lang='lat' dir='ltr'>non</span> <span class='ocrx_word' id='word_1_39' title='bbox 488 996 614 1079; x_wconf 91' lang='lat' dir='ltr'>possim</span> <span class='ocrx_word' id='word_1_40' title='bbox 637 996 824 1062; x_wconf 85' lang='lat' dir='ltr'>vetustiore</span> <span class='ocrx_word' id='word_1_41' title='bbox 847 996 1020 1062; x_wconf 86' lang='lat' dir='ltr'>annalium</span> <span class='ocrx_word' id='word_1_42' title='bbox 1047 996 1210 1078; x_wconf 81' lang='lat' dir='ltr'>scriptore</span> <span class='ocrx_word' id='word_1_43' title='bbox 1233 997 1309 1077; x_wconf 91' lang='lat' dir='ltr'>ipso</span> 
     </span>
     <span class='ocr_line' id='line_1_7' title="bbox 170 1099 1309 1182; baseline -0.002 -15"><span class='ocrx_word' id='word_1_44' title='bbox 170 1120 269 1167; x_wconf 92' lang='lat' dir='ltr'>usum</span> <span class='ocrx_word' id='word_1_45' title='bbox 299 1120 385 1180; x_wconf 81' lang='lat' dir='ltr'>esse,</span> <span class='ocrx_word' id='word_1_46' title='bbox 418 1101 483 1166; x_wconf 88' lang='lat' dir='ltr'>hac</span> <span class='ocrx_word' id='word_1_47' title='bbox 511 1101 546 1165; x_wconf 95' lang='lat' dir='ltr'>in</span> <span class='ocrx_word' id='word_1_48' title='bbox 576 1100 728 1166; x_wconf 86' lang='lat' dir='ltr'>oratione</span> <span class='ocrx_word' id='word_1_49' title='bbox 766 1099 913 1166; x_wconf 90' lang='lat' dir='ltr'>Cornelii</span> <span class='ocrx_word' id='word_1_50' title='bbox 949 1101 1091 1182; x_wconf 81' lang='lat' dir='ltr'>Nepotis</span> <span class='ocrx_word' id='word_1_51' title='bbox 1126 1100 1309 1166; x_wconf 87' lang='lat' dir='ltr'>chronicon</span> 
     </span>
     <span class='ocr_line' id='line_1_8' title="bbox 170 1203 1308 1286; baseline 0.001 -18"><span class='ocrx_word' id='word_1_52' title='bbox 170 1203 273 1272; x_wconf 90' lang='lat' dir='ltr'>libros</span> <span class='ocrx_word' id='word_1_53' title='bbox 305 1203 529 1286; x_wconf 80' lang='lat' dir='ltr'>exscripserit,</span> <span class='ocrx_word' id='word_1_54' title='bbox 564 1223 648 1284; x_wconf 90' lang='lat' dir='ltr'>quos</span> <span class='ocrx_word' id='word_1_55' title='bbox 678 1204 773 1269; x_wconf 84' lang='lat' dir='ltr'>brevi</span> <span class='ocrx_word' id='word_1_56' title='bbox 805 1210 883 1270; x_wconf 92' lang='lat' dir='ltr'>ante</span> <span class='ocrx_word' id='word_1_57' title='bbox 914 1204 1022 1270; x_wconf 87' lang='lat' dir='ltr'>editos</span> <span class='ocrx_word' id='word_1_58' title='bbox 1045 1222 1120 1270; x_wconf 84' lang='lat' dir='ltr'>esse</span> <span class='ocrx_word' id='word_1_59' title='bbox 1143 1203 1308 1270; x_wconf 82' lang='lat' dir='ltr'>Schwabe</span> 
     </span>
     <span class='ocr_line' id='line_1_9' title="bbox 169 1307 451 1375; baseline 0.018 -5"><span class='ocrx_word' id='word_1_60' title='bbox 169 1307 189 1372; x_wconf 93' lang='lat' dir='ltr'>l.</span> <span class='ocrx_word' id='word_1_61' title='bbox 203 1326 229 1373; x_wconf 89' lang='lat' dir='ltr'>s.</span> <span class='ocrx_word' id='word_1_62' title='bbox 243 1307 297 1373; x_wconf 90' lang='lat' dir='ltr'>all.</span> <span class='ocrx_word' id='word_1_63' title='bbox 322 1308 451 1375; x_wconf 84' lang='lat' dir='ltr'>statuit</span> 
     </span>
    </p>
   </div>
   <div class='ocr_carea' id='block_1_3' title="bbox 633 1517 841 1527">
    <p class='ocr_par' dir='ltr' id='par_1_3' title="bbox 633 1517 841 1527">
     <span class='ocr_line' id='line_1_10' title="bbox 633 1517 841 1527; baseline 0 -3"><span class='ocrx_word' id='word_1_64' title='bbox 633 1517 841 1527; x_wconf 76' lang='lat'>———-</span> 
     </span>
    </p>
   </div>
   <div class='ocr_carea' id='block_1_4' title="bbox 638 1687 832 1770">
    <p class='ocr_par' dir='ltr' id='par_1_4' title="bbox 638 1687 832 1770">
     <span class='ocr_line' id='line_1_11' title="bbox 638 1687 832 1770; baseline -0.005 -16"><span class='ocrx_word' id='word_1_65' title='bbox 638 1687 770 1770; x_wconf 88' lang='lat' dir='ltr'>Caput</span> <span class='ocrx_word' id='word_1_66' title='bbox 790 1689 832 1753; x_wconf 91' lang='lat' dir='ltr'>V.</span> 
     </span>
    </p>
   </div>
   <div class='ocr_carea' id='block_1_5' title="bbox 169 1864 1309 2077">
    <p class='ocr_par' dir='ltr' id='par_1_5' title="bbox 169 1864 1309 2077">
     <span class='ocr_line' id='line_1_12' title="bbox 169 1864 1309 1956; baseline -0.003 -13"><span class='ocrx_word' id='word_1_67' title='bbox 169 1864 239 1944; x_wconf 71' lang='lat' dir='ltr'>Quo</span> <span class='ocrx_word' id='word_1_68' title='bbox 264 1869 396 1938; x_wconf 84' lang='lat' dir='ltr'>ratione</span> <span class='ocrx_word' id='word_1_69' title='bbox 422 1871 609 1956; x_wconf 84' lang='lat' dir='ltr'>temporum</span> <span class='ocrx_word' id='word_1_70' title='bbox 636 1864 968 1938; x_wconf 80' lang='lat' dir='ltr'>determinaniornm</span> <span class='ocrx_word' id='word_1_71' title='bbox 995 1865 1109 1936; x_wconf 77' lang='lat' dir='ltr'>Cicero</span> <span class='ocrx_word' id='word_1_72' title='bbox 1141 1866 1176 1937; x_wconf 85' lang='lat' dir='ltr'>in</span> <span class='ocrx_word' id='word_1_73' title='bbox 1205 1869 1309 1940; x_wconf 86' lang='lat' dir='ltr'>libris</span> 
     </span>
     <span class='ocr_line' id='line_1_13' title="bbox 401 1986 1078 2077; baseline 0.007 -20"><span class='ocrx_word' id='word_1_74' title='bbox 401 1987 441 2058; x_wconf 80' lang='lat' dir='ltr'>m</span> <span class='ocrx_word' id='word_1_75' title='bbox 468 2006 506 2058; x_wconf 85' lang='lat' dir='ltr'>re</span> <span class='ocrx_word' id='word_1_76' title='bbox 533 1987 672 2077; x_wconf 79' lang='lat' dir='ltr'>pnhlicc</span> <span class='ocrx_word' id='word_1_77' title='bbox 698 2006 782 2059; x_wconf 81' lang='lat' dir='ltr'>osns</span> <span class='ocrx_word' id='word_1_78' title='bbox 809 2007 882 2060; x_wconf 89' lang='lat' dir='ltr'>csse</span> <span class='ocrx_word' id='word_1_79' title='bbox 910 1986 1078 2062; x_wconf 76' lang='lat' dir='ltr'>vincatur.</span> 
     </span>
    </p>
   </div>
   <div class='ocr_carea' id='block_1_6' title="bbox 81 2171 1308 3391">
    <p class='ocr_par' dir='ltr' id='par_1_6' title="bbox 81 2171 1308 3391">
     <span class='ocr_line' id='line_1_14' title="bbox 255 2171 1307 2252; baseline 0.002 -14"><span class='ocrx_word' id='word_1_80' title='bbox 255 2171 337 2238; x_wconf 89' lang='lat' dir='ltr'>Cum</span> <span class='ocrx_word' id='word_1_81' title='bbox 373 2171 507 2237; x_wconf 87' lang='lat' dir='ltr'>Atticus</span> <span class='ocrx_word' id='word_1_82' title='bbox 542 2172 657 2236; x_wconf 87' lang='lat' dir='ltr'>annali</span> <span class='ocrx_word' id='word_1_83' title='bbox 690 2172 773 2237; x_wconf 86' lang='lat' dir='ltr'>libro</span> <span class='ocrx_word' id='word_1_84' title='bbox 812 2172 1016 2252; x_wconf 80' lang='lat' dir='ltr'>explicasset</span> <span class='ocrx_word' id='word_1_85' title='bbox 1047 2173 1190 2239; x_wconf 88' lang='lat' dir='ltr'>Romam</span> <span class='ocrx_word' id='word_1_86' title='bbox 1229 2193 1307 2240; x_wconf 87' lang='lat' dir='ltr'>esse</span> 
     </span>
     <span class='ocr_line' id='line_1_15' title="bbox 169 2273 1308 2367; baseline 0.003 -27"><span class='ocrx_word' id='word_1_87' title='bbox 169 2275 337 2367; x_wconf 85' lang='lat' dir='ltr'>conditam</span> <span class='ocrx_word' id='word_1_88' title='bbox 360 2294 449 2340; x_wconf 89' lang='lat' dir='ltr'>anno</span> <span class='ocrx_word' id='word_1_89' title='bbox 473 2294 503 2340; x_wconf 89' lang='lat' dir='ltr'>a.</span> <span class='ocrx_word' id='word_1_90' title='bbox 517 2273 594 2340; x_wconf 86' lang='lat' dir='ltr'>Chr.</span> <span class='ocrx_word' id='word_1_91' title='bbox 609 2295 639 2340; x_wconf 94' lang='lat' dir='ltr'>n.</span> <span class='ocrx_word' id='word_1_92' title='bbox 654 2280 725 2340; x_wconf 82' lang='lat'>753.</span> <span class='ocrx_word' id='word_1_93' title='bbox 750 2281 783 2340; x_wconf 87' lang='lat' dir='ltr'>et</span> <span class='ocrx_word' id='word_1_94' title='bbox 807 2275 924 2341; x_wconf 88' lang='lat' dir='ltr'>Cicero</span> <span class='ocrx_word' id='word_1_95' title='bbox 936 2276 961 2357; x_wconf 88' lang='lat'>¹)</span> <span class='ocrx_word' id='word_1_96' title='bbox 984 2281 1019 2341; x_wconf 88' lang='lat' dir='ltr'>et</span> <span class='ocrx_word' id='word_1_97' title='bbox 1040 2277 1151 2342; x_wconf 81' lang='lat' dir='ltr'>Varro</span> <span class='ocrx_word' id='word_1_98' title='bbox 1160 2273 1186 2358; x_wconf 81' lang='lat'>²)</span> <span class='ocrx_word' id='word_1_99' title='bbox 1217 2277 1308 2344; x_wconf 89' lang='lat' dir='ltr'>hanc</span> 
     </span>
     <span class='ocr_line' id='line_1_16' title="bbox 168 2375 1307 2461; baseline 0.004 -18"><span class='ocrx_word' id='word_1_100' title='bbox 168 2375 332 2444; x_wconf 87' lang='lat' dir='ltr'>rationem</span> <span class='ocrx_word' id='word_1_101' title='bbox 356 2379 462 2445; x_wconf 91' lang='lat' dir='ltr'>secuti</span> <span class='ocrx_word' id='word_1_102' title='bbox 486 2384 573 2445; x_wconf 92' lang='lat' dir='ltr'>sunt.</span> <span class='ocrx_word' id='word_1_103' title='bbox 611 2379 646 2443; x_wconf 85' lang='lat' dir='ltr'>in</span> <span class='ocrx_word' id='word_1_104' title='bbox 664 2379 757 2444; x_wconf 91' lang='lat' dir='ltr'>libris</span> <span class='ocrx_word' id='word_1_105' title='bbox 773 2385 885 2444; x_wconf 90' lang='lat' dir='ltr'>autem</span> <span class='ocrx_word' id='word_1_106' title='bbox 902 2380 943 2445; x_wconf 90' lang='lat' dir='ltr'>de</span> <span class='ocrx_word' id='word_1_107' title='bbox 959 2400 996 2446; x_wconf 91' lang='lat' dir='ltr'>re</span> <span class='ocrx_word' id='word_1_108' title='bbox 1011 2381 1157 2461; x_wconf 79' lang='lat' dir='ltr'>publiea,</span> <span class='ocrx_word' id='word_1_109' title='bbox 1174 2379 1307 2447; x_wconf 88' lang='lat' dir='ltr'>scilicet</span> 
     </span>
     <span class='ocr_line' id='line_1_17' title="bbox 169 2482 1306 2565; baseline -0.001 -14"><span class='ocrx_word' id='word_1_110' title='bbox 169 2482 224 2562; x_wconf 83' lang='lat' dir='ltr'>oui</span> <span class='ocrx_word' id='word_1_111' title='bbox 258 2483 374 2563; x_wconf 91' lang='lat' dir='ltr'>scripti</span> <span class='ocrx_word' id='word_1_112' title='bbox 397 2487 477 2548; x_wconf 88' lang='lat' dir='ltr'>sunt</span> <span class='ocrx_word' id='word_1_113' title='bbox 500 2482 606 2548; x_wconf 88' lang='lat' dir='ltr'>Attici</span> <span class='ocrx_word' id='word_1_114' title='bbox 639 2483 751 2548; x_wconf 85' lang='lat' dir='ltr'>libello</span> <span class='ocrx_word' id='word_1_115' title='bbox 778 2482 924 2549; x_wconf 88' lang='lat' dir='ltr'>nondum</span> <span class='ocrx_word' id='word_1_116' title='bbox 948 2483 1048 2565; x_wconf 83' lang='lat' dir='ltr'>edito,</span> <span class='ocrx_word' id='word_1_117' title='bbox 1073 2483 1306 2565; x_wconf 80' lang='lat' dir='ltr'>„Graecorum</span> 
     </span>
     <span class='ocr_line' id='line_1_18' title="bbox 169 2583 1305 2672; baseline 0.001 -21"><span class='ocrx_word' id='word_1_118' title='bbox 169 2585 359 2653; x_wconf 74' lang='lat' dir='ltr'>curialium‘</span> <span class='ocrx_word' id='word_1_119' title='bbox 377 2586 540 2651; x_wconf 89' lang='lat' dir='ltr'>rationem</span> <span class='ocrx_word' id='word_1_120' title='bbox 557 2590 704 2666; x_wconf 79' lang='lat' dir='ltr'>secutus,</span> <span class='ocrx_word' id='word_1_121' title='bbox 721 2592 759 2651; x_wconf 92' lang='lat' dir='ltr'>ut</span> <span class='ocrx_word' id='word_1_122' title='bbox 773 2586 844 2667; x_wconf 90' lang='lat' dir='ltr'>ipse</span> <span class='ocrx_word' id='word_1_123' title='bbox 858 2583 938 2652; x_wconf 84' lang='lat' dir='ltr'>dicit</span> <span class='ocrx_word' id='word_1_124' title='bbox 949 2587 995 2667; x_wconf 84' lang='lat' dir='ltr'>H,</span> <span class='ocrx_word' id='word_1_125' title='bbox 1010 2593 1059 2668; x_wconf 87' lang='lat'>10,</span> <span class='ocrx_word' id='word_1_126' title='bbox 1073 2593 1124 2667; x_wconf 86' lang='grc'>18,</span> <span class='ocrx_word' id='word_1_127' title='bbox 1141 2587 1305 2672; x_wconf 81' lang='lat' dir='ltr'>originem</span> 
     </span>
     <span class='ocr_line' id='line_1_19' title="bbox 81 2685 1307 2773; baseline 0.002 -18"><span class='ocrx_word' id='word_1_128' title='bbox 81 2762 84 2767; x_wconf 53' lang='grc'>,</span> <span class='ocrx_word' id='word_1_129' title='bbox 166 2689 295 2755; x_wconf 87' lang='lat' dir='ltr'>Romae</span> <span class='ocrx_word' id='word_1_130' title='bbox 330 2690 370 2754; x_wconf 92' lang='lat' dir='ltr'>ol.</span> <span class='ocrx_word' id='word_1_131' title='bbox 391 2695 453 2769; x_wconf 80' lang='lat'>7‚2-</span> <span class='ocrx_word' id='word_1_132' title='bbox 475 2686 502 2773; x_wconf 84' lang='lat'>(-</span> <span class='ocrx_word' id='word_1_133' title='bbox 520 2694 599 2754; x_wconf 79' lang='lat'>-750</span> <span class='ocrx_word' id='word_1_134' title='bbox 616 2709 645 2755; x_wconf 93' lang='lat' dir='ltr'>a.</span> <span class='ocrx_word' id='word_1_135' title='bbox 664 2689 741 2756; x_wconf 88' lang='lat' dir='ltr'>Chr.</span> <span class='ocrx_word' id='word_1_136' title='bbox 761 2685 807 2772; x_wconf 88' lang='lat' dir='ltr'>n.)</span> <span class='ocrx_word' id='word_1_137' title='bbox 841 2690 959 2757; x_wconf 90' lang='lat' dir='ltr'>Cicero</span> <span class='ocrx_word' id='word_1_138' title='bbox 996 2691 1117 2771; x_wconf 89' lang='lat' dir='ltr'>posuit.</span> <span class='ocrx_word' id='word_1_139' title='bbox 1175 2690 1307 2757; x_wconf 80' lang='lat' dir='ltr'>Contra</span> 
     </span>
     <span class='ocr_line' id='line_1_20' title="bbox 168 2790 1305 2876; baseline 0.002 -18"><span class='ocrx_word' id='word_1_140' title='bbox 168 2794 227 2861; x_wconf 81' lang='lat' dir='ltr'>Th.</span> <span class='ocrx_word' id='word_1_141' title='bbox 250 2793 434 2859; x_wconf 86' lang='lat' dir='ltr'>Mommsen</span> <span class='ocrx_word' id='word_1_142' title='bbox 445 2790 470 2876; x_wconf 83' lang='lat'>³)</span> <span class='ocrx_word' id='word_1_143' title='bbox 494 2792 665 2859; x_wconf 82' lang='lat' dir='ltr'>Ciceronis</span> <span class='ocrx_word' id='word_1_144' title='bbox 698 2793 812 2860; x_wconf 83' lang='lat' dir='ltr'>verbis</span> <span class='ocrx_word' id='word_1_145' title='bbox 843 2813 917 2860; x_wconf 91' lang='lat' dir='ltr'>oum</span> <span class='ocrx_word' id='word_1_146' title='bbox 939 2794 1038 2860; x_wconf 90' lang='lat' dir='ltr'>fidem</span> <span class='ocrx_word' id='word_1_147' title='bbox 1062 2813 1128 2861; x_wconf 89' lang='lat' dir='ltr'>non</span> <span class='ocrx_word' id='word_1_148' title='bbox 1151 2795 1305 2876; x_wconf 80' lang='lat' dir='ltr'>haberet,</span> 
     </span>
     <span class='ocr_line' id='line_1_21' title="bbox 167 2896 1305 2981; baseline 0.002 -19"><span class='ocrx_word' id='word_1_149' title='bbox 167 2897 264 2962; x_wconf 83' lang='lat' dir='ltr'>Fabii</span> <span class='ocrx_word' id='word_1_150' title='bbox 287 2896 433 2963; x_wconf 88' lang='lat' dir='ltr'>Pictoris</span> <span class='ocrx_word' id='word_1_151' title='bbox 466 2896 631 2962; x_wconf 89' lang='lat' dir='ltr'>rationem</span> <span class='ocrx_word' id='word_1_152' title='bbox 654 2898 802 2963; x_wconf 79' lang='lat' dir='ltr'>Tullium</span> <span class='ocrx_word' id='word_1_153' title='bbox 837 2903 989 2964; x_wconf 88' lang='lat' dir='ltr'>secutum</span> <span class='ocrx_word' id='word_1_154' title='bbox 1023 2917 1098 2964; x_wconf 87' lang='lat' dir='ltr'>esse</span> <span class='ocrx_word' id='word_1_155' title='bbox 1122 2898 1305 2981; x_wconf 90' lang='lat' dir='ltr'>contendit,</span> 
     </span>
     <span class='ocr_line' id='line_1_22' title="bbox 168 2999 1304 3085; baseline 0.002 -19"><span class='ocrx_word' id='word_1_156' title='bbox 168 3020 235 3080; x_wconf 89' lang='lat' dir='ltr'>qua</span> <span class='ocrx_word' id='word_1_157' title='bbox 256 3001 364 3065; x_wconf 82' lang='lat' dir='ltr'>Roma</span> <span class='ocrx_word' id='word_1_158' title='bbox 388 3001 429 3065; x_wconf 89' lang='lat' dir='ltr'>ol.</span> <span class='ocrx_word' id='word_1_159' title='bbox 443 3005 502 3080; x_wconf 86' lang='grc'>8,1</span> <span class='ocrx_word' id='word_1_160' title='bbox 528 2999 546 3082; x_wconf 92' lang='grc'>(-</span> <span class='ocrx_word' id='word_1_161' title='bbox 569 3005 649 3065; x_wconf 80' lang='lat'><strong>-747</strong></span> <span class='ocrx_word' id='word_1_162' title='bbox 663 3020 692 3066; x_wconf 92' lang='lat' dir='ltr'>a.</span> <span class='ocrx_word' id='word_1_163' title='bbox 707 2999 784 3068; x_wconf 91' lang='lat' dir='ltr'>Chr.</span> <span class='ocrx_word' id='word_1_164' title='bbox 798 2999 845 3085; x_wconf 81' lang='lat' dir='ltr'>n.)</span> <span class='ocrx_word' id='word_1_165' title='bbox 879 3001 1014 3067; x_wconf 90' lang='lat' dir='ltr'>condita</span> <span class='ocrx_word' id='word_1_166' title='bbox 1048 3020 1123 3068; x_wconf 87' lang='lat' dir='ltr'>esse</span> <span class='ocrx_word' id='word_1_167' title='bbox 1151 3005 1304 3082; x_wconf 90' lang='lat' dir='ltr'>putatur.</span> 
     </span>
     <span class='ocr_line' id='line_1_23' title="bbox 165 3104 1306 3173; baseline 0.004 -5"><span class='ocrx_word' id='word_1_168' title='bbox 165 3104 189 3168; x_wconf 83' lang='lat' dir='ltr'><strong>J</strong></span> <span class='ocrx_word' id='word_1_169' title='bbox 191 3123 243 3169; x_wconf 88' lang='lat' dir='ltr'>em</span> <span class='ocrx_word' id='word_1_170' title='bbox 268 3123 343 3168; x_wconf 90' lang='lat' dir='ltr'>cum</span> <span class='ocrx_word' id='word_1_171' title='bbox 356 3105 564 3169; x_wconf 90' lang='lat' dir='ltr'>Mommseno</span> <span class='ocrx_word' id='word_1_172' title='bbox 589 3105 739 3170; x_wconf 92' lang='lat' dir='ltr'>nonnulli</span> <span class='ocrx_word' id='word_1_173' title='bbox 762 3105 826 3170; x_wconf 82' lang='lat' dir='ltr'>viri</span> <span class='ocrx_word' id='word_1_174' title='bbox 841 3105 930 3171; x_wconf 87' lang='lat' dir='ltr'>docti</span> <span class='ocrx_word' id='word_1_175' title='bbox 948 3105 1106 3171; x_wconf 86' lang='lat' dir='ltr'>assentiri</span> <span class='ocrx_word' id='word_1_176' title='bbox 1122 3105 1306 3173; x_wconf 83' lang='lat' dir='ltr'>videantur</span> 
     </span>
     <span class='ocr_line' id='line_1_24' title="bbox 166 3206 1305 3291; baseline 0.004 -19"><span class='ocrx_word' id='word_1_177' title='bbox 166 3206 208 3274; x_wconf 89' lang='lat' dir='ltr'>de</span> <span class='ocrx_word' id='word_1_178' title='bbox 244 3208 376 3290; x_wconf 82' lang='lat' dir='ltr'>integro</span> <span class='ocrx_word' id='word_1_179' title='bbox 413 3227 484 3273; x_wconf 87' lang='lat' dir='ltr'>rem</span> <span class='ocrx_word' id='word_1_180' title='bbox 519 3208 766 3289; x_wconf 89' lang='lat' dir='ltr'>perquiramus.</span> <span class='ocrx_word' id='word_1_181' title='bbox 812 3210 895 3275; x_wconf 85' lang='lat' dir='ltr'>Loci</span> <span class='ocrx_word' id='word_1_182' title='bbox 933 3213 1056 3290; x_wconf 86' lang='lat' dir='ltr'>autem,</span> <span class='ocrx_word' id='word_1_183' title='bbox 1095 3209 1216 3291; x_wconf 86' lang='lat' dir='ltr'>quihus</span> <span class='ocrx_word' id='word_1_184' title='bbox 1252 3216 1305 3276; x_wconf 89' lang='lat' dir='ltr'>est</span> 
     </span>
     <span class='ocr_line' id='line_1_25' title="bbox 166 3310 509 3391; baseline 0.006 -15"><span class='ocrx_word' id='word_1_185' title='bbox 166 3310 336 3391; x_wconf 85' lang='lat' dir='ltr'>utendum,</span> <span class='ocrx_word' id='word_1_186' title='bbox 359 3311 393 3376; x_wconf 90' lang='lat' dir='ltr'>hi</span> <span class='ocrx_word' id='word_1_187' title='bbox 416 3315 509 3378; x_wconf 91' lang='lat' dir='ltr'>sunt:</span> 
     </span>
    </p>
   </div>
   <div class='ocr_carea' id='block_1_7' title="bbox 80 3429 1305 4031">
    <p class='ocr_par' dir='ltr' id='par_1_7' title="bbox 80 3429 1304 3722">
     <span class='ocr_line' id='line_1_26' title="bbox 253 3429 1304 3514; baseline 0.005 -18"><span class='ocrx_word' id='word_1_188' title='bbox 253 3429 295 3497; x_wconf 88' lang='lat' dir='ltr'>de</span> <span class='ocrx_word' id='word_1_189' title='bbox 318 3451 355 3497; x_wconf 87' lang='lat' dir='ltr'>rc</span> <span class='ocrx_word' id='word_1_190' title='bbox 377 3451 408 3513; x_wconf 94' lang='lat' dir='ltr'>p.</span> <span class='ocrx_word' id='word_1_191' title='bbox 433 3433 614 3513; x_wconf 84' lang='grc' dir='ltr'>Η,10,18;</span> <span class='ocrx_word' id='word_1_192' title='bbox 638 3452 716 3498; x_wconf 74' lang='lat' dir='ltr'>nani</span> <span class='ocrx_word' id='word_1_193' title='bbox 740 3433 778 3514; x_wconf 86' lang='lat' dir='ltr'>si,</span> <span class='ocrx_word' id='word_1_194' title='bbox 801 3432 835 3498; x_wconf 94' lang='lat' dir='ltr'>id</span> <span class='ocrx_word' id='word_1_195' title='bbox 863 3435 951 3514; x_wconf 88' lang='lat' dir='ltr'>quod</span> <span class='ocrx_word' id='word_1_196' title='bbox 975 3434 1221 3501; x_wconf 82' lang='lat' dir='ltr'>Graecorum</span> <span class='ocrx_word' id='word_1_197' title='bbox 1243 3436 1304 3501; x_wconf 90' lang='lat' dir='ltr'>in·</span> 
     </span>
     <span class='ocr_line' id='line_1_27' title="bbox 165 3535 1304 3618; baseline 0.006 -19"><span class='ocrx_word' id='word_1_198' title='bbox 165 3535 394 3618; x_wconf 86' lang='lat' dir='ltr'>vestigatur</span> <span class='ocrx_word' id='word_1_199' title='bbox 410 3536 642 3617; x_wconf 76' lang='lat' dir='ltr'>annalibuS‚</span> <span class='ocrx_word' id='word_1_200' title='bbox 658 3537 768 3603; x_wconf 89' lang='lat' dir='ltr'>Roma</span> <span class='ocrx_word' id='word_1_201' title='bbox 785 3536 920 3603; x_wconf 88' lang='lat' dir='ltr'>condita</span> <span class='ocrx_word' id='word_1_202' title='bbox 935 3543 987 3604; x_wconf 89' lang='lat' dir='ltr'>est</span> <span class='ocrx_word' id='word_1_203' title='bbox 1002 3537 1175 3604; x_wconf 88' lang='lat' dir='ltr'>secundo</span> <span class='ocrx_word' id='word_1_204' title='bbox 1200 3557 1304 3606; x_wconf 87' lang='lat' dir='ltr'>anno</span> 
     </span>
     <span class='ocr_line' id='line_1_28' title="bbox 80 3638 732 3722; baseline 0.008 -21"><span class='ocrx_word' id='word_1_205' title='bbox 80 3686 83 3691; x_wconf 86' lang='lat'>.</span> <span class='ocrx_word' id='word_1_206' title='bbox 166 3638 408 3720; x_wconf 88' lang='lat' dir='ltr'>olympiadis</span> <span class='ocrx_word' id='word_1_207' title='bbox 432 3646 637 3722; x_wconf 86' lang='lat' dir='ltr'>septumae</span> <span class='ocrx_word' id='word_1_208' title='bbox 660 3692 667 3707; x_wconf 88' lang='lat'>.</span> <span class='ocrx_word' id='word_1_209' title='bbox 694 3694 700 3706; x_wconf 95' lang='lat'>.</span> <span class='ocrx_word' id='word_1_210' title='bbox 726 3693 732 3706; x_wconf 93' lang='lat'>.</span> 
     </span>
    </p>

    <p class='ocr_par' dir='ltr' id='par_1_8' title="bbox 163 3736 1305 4031">
     <span class='ocr_line' id='line_1_29' title="bbox 252 3736 1305 3830; baseline 0.005 -22"><span class='ocrx_word' id='word_1_211' title='bbox 252 3742 293 3808; x_wconf 86' lang='lat' dir='ltr'>de</span> <span class='ocrx_word' id='word_1_212' title='bbox 327 3762 363 3808; x_wconf 88' lang='lat' dir='ltr'>re</span> <span class='ocrx_word' id='word_1_213' title='bbox 385 3736 428 3825; x_wconf 85' lang='lat' dir='ltr'>p.</span> <span class='ocrx_word' id='word_1_214' title='bbox 452 3743 499 3824; x_wconf 89' lang='grc' dir='ltr'>Π,</span> <span class='ocrx_word' id='word_1_215' title='bbox 517 3749 568 3824; x_wconf 84' lang='lat'>30,</span> <span class='ocrx_word' id='word_1_216' title='bbox 586 3750 641 3810; x_wconf 83' lang='lat'>52:</span> <span class='ocrx_word' id='word_1_217' title='bbox 681 3744 733 3810; x_wconf 90' lang='lat' dir='ltr'>his</span> <span class='ocrx_word' id='word_1_218' title='bbox 768 3744 854 3810; x_wconf 86' lang='lat' dir='ltr'>enim</span> <span class='ocrx_word' id='word_1_219' title='bbox 893 3744 995 3828; x_wconf 84' lang='lat' dir='ltr'>regiis</span> <span class='ocrx_word' id='word_1_220' title='bbox 1029 3744 1305 3830; x_wconf 86' lang='lat' dir='ltr'>quadraginta</span> 
     </span>
     <span class='ocr_line' id='line_1_30' title="bbox 166 3845 1304 3932; baseline 0.007 -22"><span class='ocrx_word' id='word_1_221' title='bbox 166 3846 281 3912; x_wconf 89' lang='lat' dir='ltr'>annis</span> <span class='ocrx_word' id='word_1_222' title='bbox 306 3851 344 3911; x_wconf 86' lang='lat' dir='ltr'>et</span> <span class='ocrx_word' id='word_1_223' title='bbox 367 3845 552 3912; x_wconf 88' lang='lat' dir='ltr'>ducentis</span> <span class='ocrx_word' id='word_1_224' title='bbox 575 3847 690 3929; x_wconf 89' lang='lat' dir='ltr'>paullo</span> <span class='ocrx_word' id='word_1_225' title='bbox 715 3867 789 3914; x_wconf 89' lang='lat' dir='ltr'>cum</span> <span class='ocrx_word' id='word_1_226' title='bbox 812 3848 1014 3932; x_wconf 83' lang='lat' dir='ltr'>interregnis</span> <span class='ocrx_word' id='word_1_227' title='bbox 1030 3848 1112 3915; x_wconf 84' lang='lat' dir='ltr'>iere</span> <span class='ocrx_word' id='word_1_228' title='bbox 1130 3851 1304 3931; x_wconf 91' lang='lat' dir='ltr'>amplius</span> 
     </span>
     <span class='ocr_line' id='line_1_31' title="bbox 163 3949 451 4031; baseline 0.003 -15"><span class='ocrx_word' id='word_1_229' title='bbox 163 3949 386 4031; x_wconf 87' lang='lat' dir='ltr'>praeteritis.</span> <span class='ocrx_word' id='word_1_230' title='bbox 411 4002 418 4017; x_wconf 88' lang='lat'>.</span> <span class='ocrx_word' id='word_1_231' title='bbox 443 4002 451 4017; x_wconf 89' lang='lat'>.</span> 
     </span>
    </p>
   </div>
   <div class='ocr_carea' id='block_1_8' title="bbox 248 4155 1031 4399">
    <p class='ocr_par' dir='ltr' id='par_1_9' title="bbox 248 4155 1031 4399">
     <span class='ocr_line' id='line_1_32' title="bbox 253 4155 915 4224; baseline 0.006 -17"><span class='ocrx_word' id='word_1_232' title='bbox 253 4156 271 4219; x_wconf 88' lang='lat'>¹)</span> <span class='ocrx_word' id='word_1_233' title='bbox 289 4156 349 4208; x_wconf 87' lang='lat' dir='ltr'>iam</span> <span class='ocrx_word' id='word_1_234' title='bbox 366 4155 399 4207; x_wconf 90' lang='lat' dir='ltr'>in</span> <span class='ocrx_word' id='word_1_235' title='bbox 417 4156 510 4208; x_wconf 90' lang='lat' dir='ltr'>Bruto</span> <span class='ocrx_word' id='word_1_236' title='bbox 530 4155 618 4223; x_wconf 82' lang='lat' dir='ltr'>(anno</span> <span class='ocrx_word' id='word_1_237' title='bbox 637 4171 662 4209; x_wconf 82' lang='lat' dir='ltr'>a.</span> <span class='ocrx_word' id='word_1_238' title='bbox 674 4155 742 4210; x_wconf 88' lang='lat' dir='ltr'>Chr.</span> <span class='ocrx_word' id='word_1_239' title='bbox 753 4171 782 4210; x_wconf 89' lang='lat' dir='ltr'>n.</span> <span class='ocrx_word' id='word_1_240' title='bbox 792 4158 834 4210; x_wconf 82' lang='lat'>46.</span> <span class='ocrx_word' id='word_1_241' title='bbox 854 4155 915 4224; x_wconf 88' lang='lat' dir='ltr'>ed.).</span> 
     </span>
     <span class='ocr_line' id='line_1_33' title="bbox 249 4242 1031 4313; baseline 0.004 -18"><span class='ocrx_word' id='word_1_242' title='bbox 249 4242 270 4311; x_wconf 72' lang='grc'>2)</span> <span class='ocrx_word' id='word_1_243' title='bbox 290 4242 326 4296; x_wconf 88' lang='lat' dir='ltr'>de</span> <span class='ocrx_word' id='word_1_244' title='bbox 344 4246 432 4310; x_wconf 84' lang='lat' dir='ltr'>gente</span> <span class='ocrx_word' id='word_1_245' title='bbox 451 4258 519 4309; x_wconf 91' lang='lat' dir='ltr'>pop.</span> <span class='ocrx_word' id='word_1_246' title='bbox 538 4245 622 4297; x_wconf 88' lang='lat' dir='ltr'>Rom.</span> <span class='ocrx_word' id='word_1_247' title='bbox 640 4243 729 4312; x_wconf 81' lang='lat' dir='ltr'>(anno</span> <span class='ocrx_word' id='word_1_248' title='bbox 749 4259 774 4297; x_wconf 82' lang='lat' dir='ltr'>a.</span> <span class='ocrx_word' id='word_1_249' title='bbox 785 4243 853 4299; x_wconf 88' lang='lat' dir='ltr'>Chr.</span> <span class='ocrx_word' id='word_1_250' title='bbox 864 4260 893 4298; x_wconf 92' lang='lat' dir='ltr'>n.</span> <span class='ocrx_word' id='word_1_251' title='bbox 904 4244 945 4299; x_wconf 82' lang='grc'>43.</span> <span class='ocrx_word' id='word_1_252' title='bbox 965 4245 1031 4313; x_wconf 91' lang='lat' dir='ltr'>ed.).</span> 
     </span>
     <span class='ocr_line' id='line_1_34' title="bbox 248 4328 875 4399; baseline 0.003 -17"><span class='ocrx_word' id='word_1_253' title='bbox 248 4328 270 4397; x_wconf 76' lang='lat'>⁸)</span> <span class='ocrx_word' id='word_1_254' title='bbox 288 4329 388 4383; x_wconf 88' lang='lat' dir='ltr'>Roem.</span> <span class='ocrx_word' id='word_1_255' title='bbox 409 4329 608 4398; x_wconf 79' lang='lat' dir='ltr'>Chronologie</span> <span class='ocrx_word' id='word_1_256' title='bbox 626 4346 655 4399; x_wconf 91' lang='lat' dir='ltr'>p.</span> <span class='ocrx_word' id='word_1_257' title='bbox 667 4329 717 4385; x_wconf 80' lang='lat'>138</span> <span class='ocrx_word' id='word_1_258' title='bbox 738 4331 875 4384; x_wconf 66' lang='lat' dir='ltr'>annihss.</span> 
     </span>
    </p>
   </div>
   <div class='ocr_carea' id='block_1_9' title="bbox 0 0 1478 5016">
    <p class='ocr_par' dir='ltr' id='par_1_10' title="bbox 0 0 1478 5016">
     <span class='ocr_line' id='line_1_35' title="bbox 0 0 1478 5016; baseline 0 1"><span class='ocrx_word' id='word_1_259' title='bbox 0 0 1478 5016; x_wconf 95' lang='lat' dir='ltr'> </span> 
     </span>
    </p>
   </div>
  </div>
 </body>
</html>
