3008 5018
638 327 856 386 „22-

181 508 233 575 Ac
249 509 368 576 dehoc
384 510 517 591 quidem
540 512 585 576 nil
610 511 695 576 certi
711 511 873 578 habemus
887 513 921 591 Υ),
938 510 998 577 sed
1013 511 1117 593 illum,
1132 514 1318 579 Pulchrum

180 611 264 692 dico,
288 633 352 679 non
377 614 480 680 multo
504 620 581 679 ante
597 633 745 698 pugnam
760 614 995 680 Pharsalicam
1012 615 1127 682 morbo
1147 616 1319 682 interiisse

180 716 214 780 in
239 716 377 782 Euboea
411 717 585 790 constat&
629 719 700 783 Nec
734 718 813 783 licet
841 718 907 784 iam
934 724 1188 799 praetereamus
1213 720 1320 784 verba

180 820 276 886 Brut.
301 825 427 901 tuam
462 820 628 901 explicita,
663 820 784 901 quibus
816 822 963 887 Pulcher
997 841 1071 887 cum
1107 823 1319 907 auguralis

181 931 251 990 tum
285 925 391 990 omnis
424 924 574 1006 publici
608 924 709 990 iurir
744 925 1090 1006 antiquitatisque
1112 926 1319 993 Romanae

181 1028 278 1093 bene
301 1028 456 1110 peritus
479 1027 681 1093 laudatur.

269 1131 397 1214 Quibus
410 1131 570 1213 expositis
583 1132 639 1195 vix
651 1131 739 1197 falso
752 1131 889 1214 colliges
902 1131 1033 1198 Claudii
1047 1132 1183 1198 Pulchri
1197 1133 1319 1200 librum

183 1234 379 1319 auguralem
396 1254 417 1300 a
433 1233 594 1300 Cicerone
621 1253 698 1300 esse
726 1233 988 1315 haudquaquam
1013 1235 1212 1319 neglectum.
1252 1236 1319 1302 Sed

183 1338 347 1420 siqnidem
376 1344 549 1404 auctorum
571 1338 799 1403 Romanorum
827 1337 912 1419 libri,
940 1338 997 1419 qui
1026 1346 1123 1404 erant
1158 1339 1199 1404 de
1234 1338 1319 1404 divi·

184 1442 330 1523 natione,
347 1442 500 1508 Ciceroni
515 1442 550 1506 in
573 1441 725 1507 manibus
749 1448 856 1521 erant,
872 1441 930 1506 vix
946 1441 1098 1508 omnibus
1114 1442 1149 1508 in
1165 1443 1321 1524 partibus

184 1546 392 1613 Graecorum
415 1545 688 1627 philosophorum
712 1543 815 1610 libros
839 1563 915 1610 eum
938 1549 1091 1611 secutmn
1114 1565 1189 1612 esse
1213 1553 1319 1627 patet.

184 1650 237 1715 Ao
252 1668 288 1714 re
304 1667 388 1714 vera
401 1649 452 1714 ita
467 1668 543 1716 esse
561 1648 686 1714 factum
701 1647 780 1713 inde
796 1648 875 1714 mihi
892 1649 1055 1714 accrescit
1072 1654 1320 1732 argumentum,

184 1752 271 1834 quod
295 1752 378 1818 liber
398 1753 434 1819 ΙΙ
458 1751 498 1818 de
522 1752 588 1817 div.
612 1770 824 1832 nequaquam
849 1757 1006 1818 accurate
1030 1753 1185 1836 congruit
1194 1753 1218 1835 ⁸)
1244 1773 1318 1820 cum

184 1856 268 1922 libro
291 1856 322 1936 Ι;
347 1875 433 1936 quae
457 1855 590 1936 quidem
614 1854 842 1937 discrepantia
865 1875 931 1920 non
953 1855 1104 1940 intellegi
1120 1862 1232 1936 potest
1255 1856 1321 1923 nisi

184 1960 270 2026 forte
294 1979 345 2040 ea,
368 1959 490 2040 quibus
509 1965 710 2043 argumenta
724 1959 847 2041 prioris
870 1958 945 2024 libri
960 1960 1170 2040 refellantur,
1187 1960 1255 2027 alio
1279 1980 1322 2026 ex

186 2063 277 2130 fonte
300 2082 456 2129 manasse
481 2082 521 2128 ac
544 2062 665 2128 librum
688 2062 795 2143 ipsum
818 2062 964 2143 priorem
986 2063 1120 2130 statuis.

271 2168 412 2245 Fontes
459 2185 500 2231 ex
545 2165 667 2246 quibus
711 2165 796 2231 liber
829 2167 847 2231 Ι
891 2165 932 2231 de
966 2165 1032 2231 div.
1067 2168 1210 2234 haustus
1253 2177 1322 2249 cst,

185 2269 337 2337 Graecos
372 2287 445 2334 esse
480 2287 596 2335 omnes
630 2268 694 2333 viri
725 2267 814 2334 docti
836 2267 1065 2349 consentiunt3
1089 2268 1149 2336 sed
1171 2270 1228 2351 qui
1253 2271 1324 2336 sint

186 2377 343 2438 auctores
366 2391 485 2453 parum
509 2376 652 2438 constat.
690 2371 907 2445 Posidonium
936 2391 1016 2437 vero
1039 2371 1163 2439 fontem
1185 2374 1321 2454 potissi·

186 2496 274 2543 mum
287 2495 363 2542 esse
374 2472 539 2557 plurimu)
548 2479 711 2543 statuunt.
729 2474 891 2556 Sedapud
904 2480 1061 2542 auctores
1073 2475 1149 2542 illos
1156 2475 1323 2559 Graecos,

186 2599 270 2661 quos
294 2579 431 2646 Graeca
453 2579 608 2660 exempla
630 2578 811 2659 protulisse
834 2585 1098 2646 consentaneum
1127 2586 1189 2660 est,
1218 2581 1323 2648 etiam

185 2685 340 2750 Romana
373 2683 526 2764 exempla
556 2683 701 2749 Tullium
735 2682 905 2749 invenisse
927 2683 1043 2763 multa,
1079 2683 1154 2764 quis
1184 2683 1324 2750 credat?

187 2786 340 2853 Ciceroni
374 2793 485 2853 autem
513 2792 588 2853 erat
620 2787 653 2852 in
685 2787 858 2870 proposito
881 2787 992 2868 quoad
1014 2784 1135 2871 vixit⁵t
1156 2788 1323 2856 Romanis

187 2890 362 2971 coloribus,
397 2909 627 2973 quaecumque
661 2889 786 2958 Graeci
819 2890 1064 2973 praestiterant
1096 2891 1131 2961 in
1166 2891 1323 2973 scientia,

188 2994 379 3078 depingere.
414 2995 557 3064 Accedit
572 2995 660 3076 quod
677 2994 802 3065 Graeci
825 2995 936 3066 miuus
957 2994 1069 3062 idonei
1085 3001 1184 3062 erant
1199 2995 1323 3077 quibus

187 3104 340 3169 uteretur
354 3099 483 3166 Tullius
504 3099 538 3166 in
553 3099 665 3165 libello
681 3099 722 3173 de
737 3098 899 3167 Romanis
915 3099 1066 3184 auguriis
1082 3101 1323 3181 componendo.

188 3204 302 3287 Quare
324 3204 479 3270 Romana
510 3203 571 3271 illa
605 3204 758 3284 exempla
784 3207 845 3274 aut
865 3203 938 3284 ipse
962 3203 1079 3274 Cicero
1103 3203 1239 3288 collegit
1262 3208 1325 3271 aut

188 3327 229 3373 ex
264 3307 338 3376 aliis
362 3307 592 3388 scriptoribus
627 3307 683 3388 qui
707 3305 847 3380 eandem
878 3307 1053 3374 materiam
1076 3311 1324 3389 tractaverant,

187 3410 371 3476 transtulit.
409 3409 507 3493 Quod
523 3410 566 3476 ad
589 3409 670 3477 illud
694 3410 815 3477 attinet
837 3410 979 3493 legimus
1003 3408 1043 3477 de
1067 3409 1133 3480 div.
1158 3396 1204 3491 Π,
1219 3416 1250 3491 9,
1263 3417 1323 3485 22:

276 3563 294 3631 ¹)
313 3565 406 3616 Bardt
418 3565 437 3617 l.
447 3578 469 3616 s.
481 3564 527 3617 all.
537 3579 566 3630 p.
576 3563 611 3616 23
622 3564 834 3616 Drumannum
848 3563 945 3622 affert:
955 3563 1006 3615 hic
1016 3566 1114 3615 autem
1127 3579 1164 3615 ex
1175 3562 1323 3618 vocabulo

190 3652 353 3716 „luerunt“‚
372 3647 453 3717 quod
471 3650 527 3702 hoe
545 3651 610 3703 loco
628 3649 748 3717 legitur,
768 3649 894 3716 collegit.

274 3736 295 3804 ²)
314 3739 366 3790 cir.
384 3737 496 3789 Lucan.
515 3737 618 3788 Phara
637 3737 672 3798 V,
682 3735 746 3800 2303
765 3736 816 3787 cfr.
835 3735 1002 3798 Drumann‚
1020 3736 1053 3788 R.
1068 3736 1100 3788 G.
1119 3734 1156 3800 Π,
1168 3734 1226 3787 197.

273 3821 295 3887 ⁸)
313 3823 366 3874 cir.
385 3821 510 3886 Schema,
528 3822 628 3874 Roem.
646 3822 716 3874 Litt.
727 3821 832 3875 Gesch.
850 3821 873 3885 Ι,
892 3821 938 3873 ed.
957 3821 974 3872 2
990 3837 1019 3887 p.
1038 3821 1097 3873 255.

274 3908 297 3976 ⁴)
316 3906 458 3965 Schiche:
478 3907 515 3960 de
527 3909 598 3960 font.
611 3906 663 3959 lib.
678 3906 737 3960 Cio.
751 3907 804 3974 qui
823 3910 894 3959 sunt
913 3907 950 3959 de
963 3906 1023 3959 div.
1043 3906 1131 3974 (dene
1144 3906 1223 3975 1875)
1241 3924 1270 3974 p.
1281 3909 1324 3964 25.

188 3998 370 4051 Hartfelder:
389 3997 445 4049 Die
459 3996 586 4060 Quellen
599 4012 627 4048 u.
641 3994 770 4048 Oicero's
783 3996 799 4048 2
811 3997 888 4048 B.13.
908 3996 944 4047 de
964 3995 1024 4048 div.
1044 3995 1139 4063 (Frib.
1150 3996 1229 4063 1878)
1241 4013 1269 4065 p.
1281 3998 1324 4053 11.

189 4086 221 4137 Ρ.
240 4083 380 4136 Oorssen:
400 4083 444 4135 De
463 4081 623 4134 Posidonio
642 4082 774 4148 (Bonnae
793 4080 873 4149 1878)
892 4097 920 4147 p.
931 4082 971 4134 14.

275 4169 298 4238 ὃ)
317 4169 411 4222 Cuius
437 4168 482 4221 rei
509 4171 686 4235 argumenta
714 4168 774 4220 iam
803 4166 949 4233 praebent
977 4167 1051 4219 libri
1081 4168 1118 4220 de
1147 4167 1324 4226 inventione

190 4255 329 4321 scriptia
348 4254 445 4307 Tullio
465 4253 626 4322 admodum
646 4253 876 4306 adolescentulo.
