2946 5016
626 376 840 433 ..15-

165 559 337 627 annalium
359 559 456 625 XLV
479 559 813 639 scriptumrcliquit:
847 558 1003 639 Denique
1026 558 1208 625 Licinius
1231 559 1311 624 tri·.

163 663 291 731 bunus
329 662 378 744 pl.
415 660 575 746 [propter]
610 661 926 743 perduellionem
964 663 993 727 ei
1032 661 1119 728 diem
1153 663 1236 729 dixit
1270 669 1305 730 et

164 766 306 832 comitiis
322 765 409 831 diem
426 786 448 831 a
462 767 507 832 M.
520 766 651 835 Marcio
667 770 823 846 praetore
840 766 1024 848 peposcit“.
1058 765 1155 848 Quod
1172 766 1305 848 quidem

166 867 392 955 fragmentum
417 871 604 936 narrationi
622 869 701 935 anni
717 888 747 934 a.
762 868 839 934 Ohr.
854 889 886 934 n.
900 874 950 934 73.
967 868 1147 950 Holzapfel
1164 870 1311 936 attribu,

166 973 289 1038 endum
314 992 388 1039 csse
415 979 539 1040 censet.
555 1020 556 1025 η
576 972 693 1039 Cicero
710 973 797 1053 enim
813 971 941 1054 profert
952 973 973 1055 ¹)
990 973 1130 1039 Rabirio
1146 979 1236 1039 anno
1253 979 1315 1039 63.;

166 1077 407 1159 perduellionis
434 1097 492 1142 reo
513 1076 678 1147 Licinium
694 1077 849 1143 Macrum
872 1077 997 1142 crimen
1020 1077 1193 1158 obiecisse,
1211 1077 1313 1158 quod:

168 1182 263 1263 „loca
304 1181 465 1264 religiosa
508 1186 541 1247 et
579 1181 672 1246 lucos
713 1180 906 1246 violasset“.
968 1180 1192 1262 Quapropter,
1230 1201 1306 1247 cum

168 1283 343 1350 Saturnini
366 1302 448 1349 nece
472 1284 506 1348 in
529 1284 624 1349 curia
646 1283 739 1349 faeta
763 1288 797 1348 et
819 1284 895 1350 loca
916 1283 1076 1369 religiosa
1098 1285 1305 1353 hauddubie

166 1389 234 1454 sint
267 1388 396 1455 violata
430 1392 464 1452 et
496 1387 681 1469 perduellio
717 1392 807 1453 certe
841 1388 885 1454 sit
919 1388 1112 1470 commissa,
1151 1389 1306 1455 tribunus

167 1496 280 1558 autem
301 1493 345 1573 pl.
365 1492 515 1558 Licinius
539 1491 641 1557 fuerit
663 1510 752 1557 anno
777 1510 807 1557 a.
822 1491 899 1558 Chr.
913 1511 944 1557 n.
959 1497 1013 1571 73,
1048 1491 1200 1559 Antiatis
1223 1493 1311 1559 illud.
1396 1501 1397 1504 ’

167 1595 391 1680 fragmentum
408 1594 451 1661 ad
468 1615 592 1661 annum
607 1600 656 1660 73.
674 1599 828 1676 spectare
841 1594 1023 1676 Holzapfel
1034 1597 1162 1663 statuit.
1186 1598 1305 1678 Neque

167 1717 249 1765 vero
273 1699 496 1764 ullaratione
528 1718 570 1764 ex
593 1698 705 1763 verbis
729 1697 900 1764 Ciceronis
924 1699 943 1763 l.
958 1717 984 1764 s.
999 1699 1054 1764 all.
1079 1698 1173 1765 effici
1189 1701 1305 1784 cogive

168 1806 280 1884 potest
313 1803 466 1883 primum,
500 1802 605 1868 fuisse
638 1802 809 1868 tribunum
835 1802 942 1883 plebis
965 1802 1130 1869 Licinium
1153 1804 1305 1869 Macrum

168 1905 386 1989 (quamquam
409 1904 443 1971 id
460 1925 526 1971 non
542 1911 595 1972 esi
611 1907 683 1972 sine
700 1906 811 1987 specie
828 1905 997 1971 veritatis!
1004 1920 1012 1981 l
1040 1925 1115 1971 cum
1131 1907 1310 1973 Rabirium

170 2014 359 2089 accusaret,
395 2009 514 2075 deinde
542 2029 657 2075 necem
682 2009 854 2075 Saturnini
878 2009 1046 2074 aLicinio
1069 2029 1144 2076 esse
1167 2003 1317 2092 petitam

168 2133 244 2180 cum
268 2113 393 2179 crimen
421 2113 569 2180 obiceret
595 2114 688 2180 lucos
715 2119 749 2179 et
779 2115 852 2180 loca
882 2114 1041 2197 religiosa.
1068 2132 1141 2178 esse
1167 2113 1307 2195 violata,

167 2223 336 2298 postremo
359 2251 402 2263 -›
429 2224 463 2282 et
485 2219 550 2283 hac
567 2218 608 2283 ab
625 2237 661 2282 re
678 2218 784 2283 omnis
801 2217 955 2299 quaestio
971 2217 1109 2299 pendet!
1126 2254 1169 2269 --
1184 2218 1305 2299 perdu-

169 2321 300 2386 ellionis
325 2341 400 2386 eum
424 2320 510 2385 diem
534 2320 667 2386 dixisse.
707 2319 856 2387 Crimina
880 2321 966 2385 enim
991 2340 1011 2386 a
1034 2321 1151 2386 Macro
1175 2321 1309 2389 obiecta

169 2445 245 2491 cum
269 2445 351 2491 nece
376 2425 548 2491 Saturnini
571 2425 605 2490 in
629 2424 746 2490 eadem
770 2443 875 2490 causa
898 2424 1031 2489 omnino
1056 2444 1121 2489 non
1149 2425 1308 2494 videntur

169 2529 285 2611 fuisse,
320 2529 348 2595 si
384 2529 517 2610 quidem
551 2529 583 2594 id
619 2528 847 2613 argumentari
874 2547 1055 2610 possumus
1079 2547 1120 2594 ex
1143 2548 1194 2609 eo,
1217 2530 1309 2610 quod

170 2626 435 2715 quibuscumque
458 2632 573 2698 litibus
589 2632 749 2698 Rabirius
773 2649 931 2711 umquam
955 2637 1029 2697 erat
1051 2631 1241 2713 implicitus
1271 2639 1307 2699 ut

169 2736 433 2804 misericordiam
475 2736 622 2802 iudicum
664 2735 806 2814 deleret,
850 2739 1030 2801 accusator
1071 2737 1261 2802 contulerat
1270 2735 1306 2821 ²).

167 2841 298 2924 Quibus
323 2840 364 2906 de
389 2840 512 2920 causis,
535 2840 736 2920 praesertim
760 2858 835 2905 cum
851 2839 916 2904 illis
932 2838 1137 2920 temporibus
1155 2842 1305 2909 nonnulli

167 2943 409 3025 perduellionis
434 2944 501 3010 sint
525 2944 676 3010 accusati
687 2944 725 3023 ³),
749 2962 824 3008 cum
839 2943 960 3008 Licinii
983 2962 1227 3024 saepenumero
1248 2946 1305 3012 tri-

168 3049 249 3115 buni
287 3049 330 3130 pl.
365 3049 592 3128 inveniantur,
630 3048 671 3112 iis
710 3066 797 3127 quae
834 3046 1013 3128 Holzapfel
1051 3048 1201 3127 protulit,
1239 3068 1306 3115 non

168 3163 358 3234 possumus
383 3151 549 3217 assentiri.
597 3151 631 3216 Si
666 3171 747 3216 vero
781 3151 814 3216 in
849 3152 913 3216 hac
947 3155 1045 3216 tanta
1071 3150 1305 3237 difficultatum

169 3257 269 3337 copia
292 3256 394 3321 nihilo
418 3256 526 3321 minus
546 3255 725 3347 Holzapfel
748 3261 838 3320 recte
856 3274 945 3320 anno
962 3275 991 3320 a.
1006 3254 1083 3321 Chr.
1096 3275 1128 3320 n.
1145 3262 1193 3321 73.
1212 3258 1306 3323 attri-

168 3361 311 3441 buisset,
328 3378 414 3440 quae
432 3358 521 3439 apud
538 3357 684 3424 Gellium
703 3359 723 3422 l.
737 3378 762 3423 s.
776 3359 831 3423 all.
848 3357 1047 3439 invenimus,
1064 3363 1177 3425 tamen
1194 3361 1306 3445 colligi

169 3484 235 3531 non
258 3469 382 3545 posset,
406 3461 495 3543 quod
511 3462 692 3543 Holnapfel
716 3462 859 3546 collegit.
894 3462 1054 3527 Valerius
1078 3463 1165 3528 enim
1181 3464 1306 3530 Antias

170 3589 245 3635 cum
270 3567 435 3633 derebus
460 3585 548 3631 anno
574 3572 643 3631 100.
669 3566 774 3650 gestis
799 3570 832 3630 et
855 3565 895 3630 de
913 3585 994 3630 nece
1012 3565 1185 3632 Saturnini
1201 3568 1307 3634 verba

168 3673 317 3752 fecisset,
334 3677 371 3738 ut
388 3677 565 3737 enarraret
581 3669 745 3753 quomodo
761 3670 874 3735 scelus
887 3676 1007 3750 postea
1019 3674 1111 3735 esset
1124 3671 1306 3751 expiatum,

169 3795 190 3841 a
227 3775 285 3840 via
322 3774 458 3840 videtur
496 3773 681 3839 deflexisse.
739 3773 844 3839 Unius
879 3772 1011 3854 quidem
1050 3774 1215 3854 opinionis
1254 3782 1307 3842 est

170 3883 420 3963 argumentum,
464 3877 552 3958 quod
594 3877 675 3943 illud
719 3876 943 3961 fragmentum
984 3877 1101 3958 incipit
1133 3880 1307 3945 vocabulo

257 4136 276 4204 1)
294 4136 441 4202 prosae.
460 4136 544 4202 perd.
563 4109 613 4189 rec
633 4135 705 4201 rur.

255 4221 276 4291 ²)
295 4222 369 4277 ibid.

256 4308 277 4378 ³)
297 4310 350 4363 cfr.
369 4310 473 4375 Pauly,
491 4309 679 4374 Realencycl.
698 4325 720 4361 a.
740 4326 767 4363 r.
786 4310 954 4375 perduellio
973 4313 1041 4362 tom.
1062 4310 1096 4361 V.
1108 4308 1183 4370 1828.
