2946 5016
645 455 861 514 -90-

183 660 221 706 re
236 661 321 706 vera
336 661 382 707 ex‘
393 640 569 720 disciplina
586 640 740 724 augurah
757 641 915 726 cognosci
930 660 1030 723 posse
1047 640 1184 706 deorum
1202 633 1317 706 volun·

185 748 306 824 tatem,
340 743 522 809 Marcellus
556 762 687 808 omnem
720 743 811 809 illam
847 744 1056 825 disciplinam
1095 744 1208 809 fictam
1247 761 1318 810 esse

184 847 305 912 statuit
327 866 394 928 quo
417 846 523 931 magis
548 847 604 927 qui
626 848 660 911 in
684 849 878 928 republica
906 846 1174 913 administranda
1204 864 1317 912 versa·

183 956 301 1017 rentur
323 950 493 1017 hominum
517 950 645 1015 animos
669 955 872 1017 coercerent.
1131 1024 1134 1029 ,

180 1054 181 1059 ’
272 1054 325 1119 Ac
348 1054 376 1120 si
400 1052 675 1134 perpenderimus
699 1053 774 1118 libri
797 1054 838 1120 de
855 1054 1061 1120 divinatione
1077 1053 1224 1119 'luIHani
1241 1052 1318 1136 quid

183 1157 245 1221 sibi
282 1157 402 1236 velint,
437 1156 536 1221 valde
573 1156 607 1220 in
647 1176 685 1220 eo
723 1155 931 1223 offendemus
964 1156 1053 1238 quod
1086 1158 1199 1237 priore
1233 1157 1317 1223 libro

184 1259 330 1341 Quintus
359 1258 529 1326 Ciceronis
564 1259 672 1324 frater
704 1260 847 1340 probare
882 1260 1006 1341 studet,
1041 1278 1115 1326 esse
1150 1260 1320 1340 quendam

183 1362 347 1428 rationem
372 1361 546 1447 auguralis
570 1361 776 1442 disciplinae,
800 1364 908 1429 altero
936 1370 1050 1429 autem
1073 1363 1157 1428 libro
1181 1365 1318 1430 Marcus

183 1465 255 1545 ipse
285 1465 402 1532 Cicero
438 1471 637 1550 argumenta
671 1485 692 1531 a
726 1466 830 1532 fratre
864 1469 998 1547 prolata
1032 1467 1158 1534 reicere
1194 1468 1317 1534 studet.

183 1568 349 1635 Videlicet
374 1569 518 1651 Quintus
541 1569 648 1634 frater
670 1589 758 1651 quae
782 1570 910 1652 profert
933 1571 1023 1637 dicta
1047 1576 1126 1638 sunt
1141 1576 1260 1652 aperte
1277 1592 1317 1638 cx

182 1673 293 1739 animo
317 1673 450 1740 Claudii
473 1675 620 1754 Pulchri,
645 1673 816 1740 Ciceronis
846 1680 957 1741 autem
984 1676 1092 1758 ipsius
1117 1683 1318 1759 argumenta

168 1777 343 1842 'Marcello
378 1777 480 1862 digna
513 1783 601 1843 sunt.
648 1778 725 1859 Qua
752 1779 786 1844 in
814 1798 851 1844 re
878 1781 1016 1846 Marcus
1051 1799 1124 1844 cuni
1153 1779 1315 1846 Marcello

181 1882 337 1964 congruit
365 1881 460 1973 adeo,
484 1887 521 1946 ut
549 1881 590 1946 de
618 1881 683 1946 div.
708 1882 754 1962 Il,
769 1888 819 1962 18,
832 1887 884 1962 43,
909 1902 974 1963 quo
1002 1883 1075 1948 loco
1098 1888 1314 1964 praeceptum

181 1983 264 2050 illud
299 1986 461 2069 augurale
496 1985 634 2050 discutit
662 1986 770 2064 „Jove
799 1991 938 2051 tonante
961 1986 1155 2069 fulgurante
1179 1986 1315 2052 comitia

179 2088 294 2168 populi
316 2088 440 2153 hahere
465 2088 592 2167 nefas‘,
620 2108 757 2154 oausam
781 2109 842 2154 cur
864 2090 927 2154 hoc
942 2090 1161 2155 constitutum
1178 2089 1223 2155 sit
1240 2109 1313 2157 esse

179 2191 331 2272 coniciat,
361 2192 449 2272 quod
478 2192 706 2271 „coniitiorum
735 2213 800 2259 non
829 2193 1058 2259 habendorum
1087 2211 1211 2259 causas
1240 2213 1313 2260 esse

183 2296 392 2361 voluerunt‘.

266 2400 409 2465 Novisse
427 2405 538 2465 autem
556 2399 750 2466 Ciceronem
766 2401 868 2467 libros
884 2403 1017 2468 illorum
1033 2420 1199 2484 augurum
1216 2422 1311 2484 aper·

179 2502 344 2568 tissimum
369 2509 418 2568 est
437 2503 516 2569 'cum
534 2504 685 2569 Atticum
708 2504 749 2569 de
773 2504 835 2589 leg.
860 2506 905 2585 ll,
921 2512 970 2586 13,
984 2512 1024 2571 32
1046 2505 1095 2570 ita
1119 2507 1309 2585 loquentem

176 2605 293 2671 faciat:
320 2605 400 2686 „sed
424 2611 477 2672 661
498 2607 532 2672 in
557 2608 707 2690 conlegio
736 2613 850 2674 vestro
877 2609 983 2673 inter
1010 2610 1245 2674 Marcellum
1274 2616 1312 2675 61

175 2709 362 2790 Appium,
401 2709 542 2791 optimos
580 2729 741 2794 augureS,
780 2731 903 2794 magna
941 2711 1108 2778 dissensio
1145 2749 1188 2757 —
1226 2733 1309 2779 narn

176 2832 308 2879 eorum
347 2833 418 2897 ego
455 2814 493 2879 in
527 2813 652 2879 libros
690 2815 812 2880 incidi
846 2852 898 2895 —,
933 2836 1006 2881 cum
1043 2816 1140 2881 alteri
1174 2817 1311 2897 placeat

176 2917 328 2998 auspicia
362 2918 429 2983 ista
463 2917 505 2983 ad
541 2919 720 2984 utilitatem
756 2938 830 2984 esse
858 2919 907 2983 rei
935 2920 1088 3000 publicae
1116 2922 1310 3002 composita,

174 3021 272 3084 alteri
295 3020 472 3101 disciplina
495 3026 611 3086 vestra
635 3022 731 3102 quasi
756 3021 1080 3088 divinarivideatur
1101 3015 1231 3104 posse.“

64 3111 66 3115 ’
259 3123 357 3188 Unde
383 3127 525 3205 apparet
546 3125 692 3189 Tullium
716 3144 790 3190 cum
813 3145 892 3191 suos
916 3126 1018 3192 libros
1035 3126 1075 3191 de
1100 3126 1306 3194 divinatione

174 3235 387 3308 componeret
418 3227 550 3294 illorum
586 3229 712 3308 scripta
747 3228 803 3293 vix
825 3230 1052 3309 praeteriisse.
1099 3231 1143 3296 m
1164 3249 1202 3295 16
1227 3251 1308 3298 vera

171 3330 293 3395 iterum
317 3336 418 3411 atque
441 3331 562 3396 iterum
586 3351 673 3412 quae
697 3332 784 3396 ratio
811 3332 899 3397 inter
923 3332 1100 3399 Claudium
1124 3334 1305 3401 Pulchrum

172 3438 205 3497 et
220 3435 418 3500 Marcellum
439 3434 669 3500 intercesserit
686 3434 880 3502 Ciceronem
908 3437 1130 3518 explicantem
1154 3437 1306 3506 videmus

170 3537 204 3601 in
227 3537 311 3602 libro
335 3539 352 3600 Ι
375 3537 415 3602 de
440 3537 656 3604 divinatione.
704 3538 833 3620 Quibus
858 3559 898 3604 ex
921 3541 1015 3621 locis,
1041 3542 1162 3622 quippe
1187 3543 1306 3622 quibus

174 3640 215 3705 ad
233 3640 347 3722 Quinti
373 3643 695 3725 argumentationem
718 3640 859 3723 prorsus
883 3663 948 3709 non
972 3663 1057 3725 opus
1081 3644 1192 3727 luerit,
1216 3647 1305 3713 colli·

173 3744 262 3828 gitur
277 3745 452 3809 materiam
470 3764 536 3809 non
557 3746 640 3811 satis
658 3752 815 3812 accurate
833 3746 1027 3813 Ciceronem
1043 3749 1303 3833 pervestigasse‚

171 3854 208 3912 ut
231 3868 351 3929 expers
376 3848 476 3913 ullius
501 3849 648 3915 auctoris
672 3869 745 3915 eam
768 3854 942 3916 tractaret.

257 3952 339 4016 Loci
364 3950 538 4032 spectandi
557 3957 634 4018 sunt
656 3953 704 4018 hi:
728 3955 781 4019 De
805 3953 871 4019 div.
888 3955 914 4035 l,
929 3959 979 4035 16,
993 3960 1034 4020 29
1057 3954 1122 4035 Ap.
1141 3954 1301 4023 Claudius

167 4055 313 4119 Pulcher
336 4072 455 4119 censor
471 4064 608 4120 notasse
625 4060 784 4121 narratur
800 4056 835 4123 C.
854 4057 999 4138 Ateium,
1017 4057 1104 4139 quod
1121 4061 1300 4128 ementitus

170 4165 260 4224 esset
283 4158 448 4239 auspicia;
473 4159 531 4223 sed
556 4160 723 4225 nescimus
748 4161 878 4241 quade
902 4181 939 4227 re
964 4166 1094 4248 agatur.
1142 4161 1208 4230 Sed
1225 4170 1301 4232 utut

165 4282 220 4328 res
238 4262 401 4341 sehabet,
419 4281 460 4327 ex
472 4263 610 4328 Pulchri
625 4264 730 4344 ipsius
746 4264 830 4331 libro
847 4285 1022 4333 emanasse
1040 4286 1126 4347 quae
1141 4269 1300 4353 leguntur

165 4368 229 4432 hoc
261 4366 333 4430 loco
368 4384 561 4448 cognosces,
585 4386 658 4433 cum
685 4368 791 4434 verba
819 4371 1023 4450 perceperis:
1053 4389 1189 4451 ,veram
1213 4374 1299 4441 enim
