2946 5016
627 431 842 491 *31*

252 615 304 681 Ex
319 614 361 681 iis
376 613 478 698 igitur
495 632 582 696 quae
598 613 638 680 de
654 614 763 696 prima
779 614 969 680 secessione
984 613 1025 679 do
1042 633 1078 680 re
1090 634 1121 695 p.
1134 615 1181 696 ΙΙ,
1195 619 1246 694 33,
1260 617 1302 678 58

163 720 332 803 leguntur,
350 737 423 782 cum
440 718 508 782 sint
523 717 719 798 suspiciosa,
736 717 822 785 effici
838 716 884 783 nil
899 722 1025 798 potest3
1048 717 1081 783 in
1099 717 1305 784 Corneliana

165 827 290 901 autem,
315 841 390 887 cum
413 841 472 888 aes
494 821 640 887 alienum
656 821 762 902 plebis
779 841 845 886 non
862 826 1148 902 commemoretur,
1172 821 1303 903 plebem

164 930 304 1008 propter
327 925 462 990 nimiam
490 925 749 990 dominationem
779 925 886 990 solam
908 925 1094 1007 potentium
1118 926 1302 992 secessisse

166 1028 363 1095 invenimus.
399 1028 524 1110 Quare,
548 1048 623 1094 cum
646 1029 679 1095 iu
696 1028 900 1094 Corneliana
921 1048 1008 1110 quae
1031 1029 1190 1112 leguntur
1211 1029 1302 1096 haud

167 1133 265 1199 dubie
300 1133 386 1210 tanti
420 1133 487 1198 sint
522 1132 638 1214 quanti
673 1151 760 1214 quae
794 1132 828 1196 in
859 1133 942 1198 libro
964 1133 1001 1197 ΙΙ
1025 1132 1065 1197 de
1089 1152 1125 1198 re
1149 1152 1191 1214 p.‚
1215 1152 1303 1214 quae

167 1236 316 1317 Nitzsch,
353 1236 547 1302 Hirschfeld
584 1237 807 1317 protulerunt,
846 1236 1052 1321 argumentis
1082 1236 1147 1302 illis
1190 1236 1304 1302 allatis

167 1341 354 1419 Mommsen
378 1339 515 1406 diluisse
539 1359 605 1405 non
629 1339 771 1406 videtur.

253 1443 432 1510 Artissime
468 1463 556 1525 quae
594 1443 634 1510 de
673 1444 862 1510 secessione
902 1444 1010 1510 altera
1048 1450 1232 1511 narrantur
1268 1445 1303 1509 in

168 1546 371 1614 Corneliana
394 1548 540 1617 Tullium
568 1547 783 1615 coniunxisse
818 1566 892 1613 oum
926 1547 1068 1613 historia
1098 1547 1225 1627 primae
1250 1566 1303 1613 se·

168 1651 329 1718 cessionis
363 1670 404 1716 ex
438 1652 676 1717 commentario
700 1651 841 1716 Asconii
872 1656 1024 1732 apparet.
1072 1650 1186 1732 Quare
1216 1671 1303 1733 quae

168 1754 201 1820 in
224 1754 430 1821 Corneliana
464 1755 505 1820 de
539 1756 647 1836 prima
681 1760 715 1821 et
750 1756 859 1821 altera
893 1755 1083 1822 secessione
1111 1761 1304 1836 narrantur,

168 1859 290 1941 quippe
314 1879 387 1924 cum
416 1859 532 1924 eodem
556 1859 711 1925 exiente
735 1879 826 1924 mero
851 1864 885 1924 et
909 1859 1047 1940 antiquo
1072 1877 1113 1926 ea
1135 1859 1303 1939 fluxerint,

168 1961 346 2047 diligenter
369 1963 582 2029 observanda
605 1968 691 2029 sunt.
726 1963 850 2042 Verba,
874 1963 994 2043 quibus
1019 1963 1167 2030 secessio
1192 1964 1303 2029 altera

169 2070 329 2132 narratur
352 2066 435 2132 haec
459 2074 551 2132 sunt:
589 2070 678 2146 „tum
702 2066 900 2148 interposita
924 2066 988 2132 fide
1011 2086 1072 2147 per
1094 2068 1152 2132 HI
1171 2068 1304 2151 legatos

170 2170 393 2250 amplissimos
410 2171 501 2236 viros
512 2171 655 2236 Romam
672 2170 792 2236 armati
815 2174 1042 2236 revertuntur.
1078 2171 1118 2235 In
1131 2170 1304 2237 Aventino

170 2274 409 2354 consederunt;
432 2274 509 2340 inde
533 2275 653 2340 armati
677 2275 711 2339 in
729 2274 930 2354 Capitolium
946 2282 1122 2340 venerunt.
1160 2276 1194 2340 X
1207 2280 1247 2340 tr.
1260 2275 1304 2356 pl.

168 2377 271 2460 <per>
307 2378 507 2460 pontificem,
546 2378 635 2458 quod
673 2379 893 2463 magistratus
932 2379 1044 2444 nullus
1082 2383 1170 2458 erat,
1209 2397 1302 2443 crea·

170 2480 321 2547 verunt“.
431 2493 434 2499 ’

254 2575 380 2650 Pacem
413 2585 516 2670 igitur
545 2586 634 2651 inter
657 2586 747 2652 cives
771 2585 950 2652 conciliant
973 2605 1039 2652 non
1062 2585 1221 2652 Valerius
1246 2589 1309 2655 aut

170 2688 344 2769 Horatius,
368 2709 451 2770 quos
475 2689 592 2755 Livius
616 2695 773 2769 pactores
797 2689 997 2756 concordiae
1020 2689 1148 2769 laudat,
1175 2689 1235 2756 sed
1258 2689 1305 2754 illi

169 2791 222 2858 HI
245 2792 360 2877 legati,
385 2812 468 2874 quos
491 2793 609 2884 Livius
632 2793 697 2873 ΙΙΙ,
711 2798 752 2857 50
767 2792 896 2859 frustra
912 2793 946 2857 in
962 2793 1170 2858 Aventinum
1185 2793 1305 2859 missos

169 2914 242 2962 esse
266 2900 393 2962 narrat.
428 2897 546 2963 Livius
571 2901 694 2977 autom,
718 2897 847 2962 cumde
870 2897 1058 2962 secessione
1075 2897 1184 2963 altera
1200 2897 1305 2962 verba

169 2999 307 3080 faceret,
330 3020 397 3067 non
421 3000 563 3067 eundem
586 3001 711 3067 iontem
735 3021 834 3081 quem
856 3001 890 3065 in
913 3001 1022 3082 prima
1038 3001 1230 3068 secessione
1247 3000 1303 3066 de·

168 3102 347 3171 scribenda
363 3105 548 3185 exscripsit.
583 3107 614 3170 N
617 3123 670 3171 am
686 3104 816 3185 ΙΙΙ,54,
831 3110 869 3170 12
887 3104 1012 3171 tribuni
1028 3110 1187 3171 creantur
1202 3102 1304 3188 (anno

167 3227 201 3275 a..
211 3207 289 3275 Chr.
303 3228 334 3273 n.
347 3208 434 3291 449.)
469 3211 507 3274 L.
520 3210 704 3292 Virginius,
738 3210 776 3274 L.
793 3209 918 3290 Icilius
942 3211 980 3274 P.
994 3209 1203 3275 Numitorius
1228 3261 1234 3273 .
1260 3260 1267 3274 .
1293 3260 1300 3274 .

164 3315 237 3378 tum
262 3311 298 3377 O.
313 3309 489 3378 Sicinius
515 3315 711 3397 „progenies
735 3313 817 3393 eius,
848 3332 946 3393 quem
969 3313 1109 3394 primum
1135 3313 1304 3383 tribunum

164 3417 211 3498 pl.
229 3420 381 3481 creatum
396 3415 432 3480 in
448 3435 545 3482 sacro
562 3421 674 3481 monte
690 3416 858 3497 proditum
874 3417 1053 3482 momoriae
1070 3422 1136 3497 est;
1160 3418 1207 3497 ΙΙ,
1220 3421 1304 3497 eat>

165 3525 282 3587 autem
305 3520 431 3586 tribuni
453 3520 497 3601 pl.
522 3520 619 3601 primi
642 3521 859 3585 nominantur
883 3519 918 3586 O.
932 3519 1112 3586 Licinius
1136 3529 1169 3587 et
1191 3522 1229 3586 L.
1243 3521 1304 3586 Al·

164 3623 275 3690 binus
334 3622 401 3688 Sed
440 3622 560 3688 dixerit
599 3623 673 3703 quis
714 3643 734 3688 a
775 3622 922 3689 librariis
965 3642 1040 3690 esse
1083 3623 1305 3704 depravatam

164 3728 316 3794 litteram
355 3726 377 3792 S
415 3727 450 3792 in
489 3729 532 3809 L,
572 3728 771 3807 praesertim
806 3747 881 3792 cum
919 3733 1094 3793 narratum
1132 3729 1176 3794 sit
1214 3732 1248 3793 et
1285 3749 1306 3794 a

165 3832 266 3898 Livio
288 3832 433 3911 meae
458 3831 638 3897 secessisse
661 3831 792 3911 plebem
816 3828 969 3899 Sicinio
1000 3831 1143 3914 quodam
1168 3838 1306 3900 auctore

167 3942 201 4002 et
225 3936 268 4002 ab
291 3934 441 4000 Asconio
464 3935 484 3999 l.
498 3954 523 4001 s.
538 3935 592 4001 all.
609 3936 647 4000 L.
662 3932 856 4001 Sicinium
870 3936 909 4000 Il.
923 3935 944 4000 f.
958 3935 1114 4001 Velutunn
1140 3942 1173 4002 et
1192 3938 1232 4003 L.
1244 3939 1306 4003 Al-

167 4039 293 4105 binium
319 4037 619 4104 O.f.Paterculum
653 4039 778 4120 primos
805 4039 958 4106 tribunos
982 4039 1096 4106 fuisse.
1143 4041 1207 4107 Sed
1232 4061 1307 4107 mea

169 4143 302 4224 quidem
342 4143 511 4207 sententia
549 4147 640 4207 recte
675 4143 764 4208 Livii
802 4143 929 4208 librarii
963 4145 1009 4224 ΙΙ,
1023 4149 1106 4224 33,2
1142 4144 1306 4211 Licinium

170 4265 289 4314 nomen
314 4245 529 4326 scripserunt,
554 4246 712 4327 quoniam
736 4244 851 4313 Sicinii
874 4267 1006 4329 quoque
1030 4247 1147 4314 eodem
1173 4249 1246 4315 loco
1270 4249 1305 4315 fit

169 4351 306 4418 mentio:
344 4350 396 4429 „hi
431 4347 490 4433 [sc.
526 4350 630 4416 creati
663 4351 761 4432 primi
795 4349 932 4434 tribuni}
968 4353 1023 4418 ΠΙ
1058 4353 1205 4438 collegas
1244 4353 1305 4421 sibi
