2946 5016
704 431 919 491 ..32-

246 621 458 697 creaverunt‚
491 616 525 683 in
558 616 600 682 iis
624 613 815 682 Sicinium
849 617 964 698 luisse,
995 617 1168 685 seditionis
1193 620 1382 698 auctorem3

245 717 287 784 de
310 718 451 800 duobus
475 721 532 800 qui
554 719 689 800 fuerint,
712 721 822 787 miuus
845 722 1032 787 convenit“.

331 823 446 904 Atque
480 823 634 904 equidem
667 825 782 891 nescio
817 844 860 891 an
884 826 1043 891 hocloco
1066 845 1107 891 ex
1130 823 1384 891 LiciniiMaeri

246 925 425 993 annalibus
441 926 560 994 Livius
576 927 737 1008 hauserit,
764 947 839 995 oum
863 948 929 995 uon
953 929 1024 994 sine
1049 928 1251 1013 gravissima
1273 946 1384 994 causa

246 1026 390 1096 Sicinius
425 1049 466 1095 ex
499 1030 634 1096 tribuno
657 1034 771 1096 creato
793 1031 950 1098 tribunus
973 1035 1149 1113 cooptatus
1171 1030 1282 1097 iactus
1306 1050 1382 1098 esse

245 1133 411 1200 videatur.
445 1133 565 1199 Licinii
590 1138 702 1200 autem
726 1139 763 1200 ut
785 1134 928 1201 hominis
952 1135 1095 1200 maxime
1115 1134 1289 1216 popularis
1304 1154 1383 1216 per·

245 1236 357 1321 magni
390 1237 556 1303 intererat
587 1255 671 1318 prae
698 1256 735 1304 se
760 1236 847 1303 ferre
871 1237 1015 1319 aliquem
1040 1237 1080 1304 de
1105 1237 1285 1323 gentilibus
1310 1239 1383 1306 suis

245 1341 388 1407 alterum
420 1341 600 1423 primorum
631 1340 840 1408 tribunorum
863 1341 976 1408 fuisse.
1022 1342 1154 1407 Auctor
1176 1341 1305 1419 scilicet
1328 1360 1383 1409 se·

244 1445 407 1514 cessionis
441 1444 562 1528 dignus
596 1447 681 1525 erat,
716 1442 772 1525 qui
799 1444 927 1524 primus
948 1444 1103 1511 tribunus
1125 1446 1170 1526 pl.
1194 1450 1382 1512 crearetur.

243 1550 288 1615 Elt
320 1549 490 1616 Asconius
513 1548 534 1614 l.
549 1568 574 1615 s
589 1549 657 1629 all,
690 1548 808 1614 Livius
840 1549 904 1629 ΠΙ,
916 1553 959 1613 54
991 1567 1112 1630 reapse
1144 1549 1194 1614 ita
1227 1554 1382 1616 narrant.

245 1651 359 1734 Quare
382 1652 502 1719 Livius
525 1671 600 1718 cum
623 1653 670 1732 Π,
683 1657 724 1717 33
759 1651 801 1718 ab
825 1651 970 1718 omnium
993 1652 1193 1734 scriptorum
1216 1658 1250 1718 et
1272 1653 1382 1735 ipsius

244 1757 438 1822 narratione
462 1755 538 1838 (HI,
552 1753 605 1839 54)
640 1755 825 1836 dissentiat,
860 1775 925 1821 non
959 1755 1075 1822 dubito
1108 1754 1189 1837 quin
1219 1755 1383 1823 hocloco

243 1860 374 1927 Licinio
390 1864 528 1926 auctore
545 1878 626 1925 usus
642 1859 695 1925 sit.
726 1860 845 1939 Neque
860 1860 1056 1943 ignoramus
1071 1858 1236 1925 Licinium
1252 1859 1382 1928 lavisse

131 1992 133 1996 ·
245 1964 315 2030 suis
350 1963 541 2048 gentilibus.
589 1961 686 2044 Quod
721 1961 854 2044 quidem
888 1968 927 2028 ut
954 1963 1115 2044 probaret
1136 1963 1203 2029 iam
1227 1962 1348 2030 Soltau
1360 1961 1383 2049 ¹)

244 2069 335 2134 locos
351 2067 500 2148 contulit,
516 2066 557 2132 de
573 2066 694 2148 quibus
710 2085 813 2133 unum
829 2085 1089 2133 commemorare
1104 2067 1226 2148 placet.
1262 2067 1383 2134 Livius

245 2190 332 2251 quae
366 2171 407 2237 de
440 2170 569 2236 Licinio
603 2169 749 2251 quodam
783 2169 961 2236 tradiderit
986 2170 1065 2251 VII,
1078 2176 1143 2251 9,4
1175 2191 1216 2236 ex
1249 2171 1383 2238 Licinio

244 2275 360 2341 Macro
384 2294 419 2341 se
443 2273 597 2341 hausisse
621 2279 737 2357 aperte
755 2273 900 2355 exponit.
939 2273 1035 2356 Quae
1052 2293 1126 2341 eum
1142 2275 1191 2341 ita
1206 2273 1275 2341 sint
1292 2294 1382 2356 quae

245 2378 347 2444 Virck
369 2380 389 2444 1.
403 2397 429 2444 s.
443 2379 498 2444 all.
521 2397 552 2459 p.
568 2383 607 2443 78
642 2378 772 2460 statuit,
807 2378 933 2444 scilicet
954 2378 1089 2443 Livium
1123 2397 1197 2444 cum
1227 2382 1384 2460 tempora

245 2482 478 2562 antiquissima
511 2481 560 2547 rei
593 2482 748 2564 publicae
770 2482 944 2548 Romanae
978 2482 1104 2548 liberae
1139 2487 1307 2561 narraret,
1340 2502 1383 2548 ex

244 2586 379 2652 Pisonis
403 2589 437 2651 et
452 2585 602 2651 Antiatis
626 2584 805 2651 annalibus
829 2584 904 2650 unis
927 2589 962 2650 et
977 2586 1057 2651 solis
1073 2585 1227 2651 hausisse
1236 2581 1274 2669 ²),
1298 2586 1385 2651 satis

243 2689 414 2755 infirmata
437 2707 512 2755 esse
535 2687 701 2754 videntur.
748 2689 865 2769 Neque
897 2688 930 2754 id
954 2689 1065 2770 miror,
1089 2688 1246 2769 quoniam
1269 2689 1325 2754 vel
1349 2688 1385 2754 id

245 2792 421 2859 offensioni
437 2796 499 2873 est,
517 2792 604 2873 quod
621 2790 705 2859 duos
720 2791 951 2858 tantummodo
964 2798 1119 2858 auctores
1131 2790 1235 2857 Virck
1247 2792 1384 2872 statuit3

245 2916 319 2962 curu
335 2897 492 2981 legantur
506 2897 553 2975 II,
567 2900 618 2976 18,
631 2901 650 2960 5
674 2894 783 2977 „apud
799 2896 998 2961 veterrimos
1015 2895 1203 2976 auctores“‚
1220 2896 1266 2976 ΙΙ,
1280 2901 1333 2976 33,
1348 2901 1384 2961 3:

247 3005 346 3081 „sunt
369 2999 484 3080 quill
508 3003 639 3064 tantum
664 3051 670 3063 .
696 3051 702 3064 .
728 3052 734 3064 .
759 2999 905 3066 dicant“.

331 3103 460 3185 Quibus
484 3103 646 3186 expositis
673 3104 810 3188 colliges
832 3102 998 3169 Licinium
1014 3104 1166 3169 Macrum
1191 3102 1324 3169 aLivio
1349 3102 1384 3168 in

245 3207 437 3274 enarranda
453 3207 562 3273 altera
577 3206 768 3273 secessione
784 3203 863 3289 (ΠΙ,
876 3203 990 3290 54,12)
1006 3226 1073 3272 non
1089 3225 1164 3273 esse
1182 3206 1383 3288 exemptum,

246 3310 334 3392 quod
358 3311 516 3377 hocloco
540 3309 684 3377 Sicinius
707 3309 863 3376 tribunus
885 3310 1012 3392 primus
1036 3315 1186 3376 vocatur.

332 3414 397 3496 Qui
432 3414 557 3480 fuerint
589 3414 637 3479 illi
659 3415 715 3480 ΙΠ
749 3414 863 3498 legati,
898 3414 955 3495 qui
985 3413 1083 3480 fidem
1106 3413 1385 3495 interposuerunt

246 3518 364 3585 Cicero
386 3519 420 3584 in
439 3517 641 3584 Corneliana
664 3518 815 3585 oratione
832 3537 898 3583 non
915 3524 1041 3584 narrat.
1082 3517 1195 3600 Quare
1212 3517 1383 3584 Asconius

245 3622 380 3688 nomina
404 3621 458 3702 Sp.
483 3622 673 3702 Tarpeium,
698 3621 733 3687 (l.
757 3621 895 3701 dulium,
929 3622 968 3686 P.
993 3620 1176 3701 Sulpicium
1210 3621 1382 3688 adscribit.

245 3727 341 3809 Quae
376 3724 510 3807 quidem
544 3726 679 3791 nomina
713 3725 868 3806 quamvis
903 3724 1156 3790 accuratissime
1188 3744 1262 3791 cum
1290 3725 1380 3791 Livii

245 3835 443 3915 congruant,
468 3828 523 3910 qui
547 3828 628 3894 dicit
649 3829 714 3909 ΠΙ,
728 3834 770 3894 50
791 3828 918 3904 frustra
942 3847 999 3894 eos
1020 3847 1097 3894 esse
1113 3827 1242 3909 missos
1265 3833 1380 3894 tamen

246 3934 288 4000 ab
322 3935 385 4001 hoc
420 3937 558 3999 auctore
592 3952 658 3998 nou
691 3932 788 4014 petiit
810 3932 990 4012 Asconius,
1026 3933 1181 4011 quoniam
1217 3931 1289 3998 lieri
1313 3951 1379 3998 non

333 4192 351 4260 ¹)
370 4190 474 4243 Livius
494 4189 756 4243 tlesohichtswerk
774 4189 887 4257 (Leipz.
908 4189 986 4257 1897)
1004 4205 1032 4255 p.
1051 4190 1085 4242 96
1103 4191 1132 4242 et
1151 4188 1208 4242 112.

330 4278 352 4346 ²)
371 4278 454 4342 Quae
477 4277 515 4329 de
538 4275 632 4329 Fabio
655 4276 674 4329 l.
693 4292 715 4329 s.
734 4276 781 4329 all.
801 4275 897 4328 Virck
920 4276 1079 4341 protulerit
1105 4291 1167 4328 uon
1194 4276 1289 4343 liquat
1316 4291 1382 4331 meo

246 4364 370 4432 quidem
388 4363 543 4416 sententia.
