2946 5016
638 378 830 438 -8-

166 563 278 629 verbis
302 563 342 629 de
358 582 441 643 rep
457 563 505 642 H,
518 569 569 641 31
583 568 625 627 54
646 563 766 645 prolat'
757 583 786 629 ιε
743 563 959 629 ttfidema
960 500 1120 671 tribuant,
1137 561 1192 627 [Π
1207 561 1307 645 leges

166 667 306 732 Pereias
330 664 529 733 statuendas
554 685 628 730 esse
651 686 695 746 pu
697 670 780 732 t.ant

254 770 302 835 At
317 770 435 835 Livius
451 770 495 849 Χ
507 774 559 848 9,3
583 770 667 836 liaeo
681 769 824 852 profert:
797 769 995 850 t„Eodem
1013 787 1101 833 anno
1117 764 1161 851 (a.
1176 767 1256 833 Chr.
1271 787 1303 833 n.

167 873 255 953 300.)
277 875 322 938 M.
345 872 534 939 Valerius
558 874 675 939 consul
702 872 743 938 de
770 873 1058 955 provocatione
1087 872 1194 954 legem
1223 870 1306 936 tulit

167 976 403 1061 diligentius
427 983 621 1057 sanotam3
646 977 767 1042 tertio
792 982 925 1068 eatum
948 982 1024 1057 post
1046 994 1145 1058 reges
1163 981 1304 1040 exaotos

167 1081 239 1146 lata
262 1084 328 1160 est;
353 1098 505 1160 semper
528 1079 730 1145 alamilia
758 1080 892 1147 eadem
917 1132 923 1145 .
949 1133 955 1144 .
981 1132 988 1145 .
1011 1078 1159 1144 Pereia
1187 1084 1303 1142 tamen

167 1186 228 1250 lex
253 1185 325 1250 sola
347 1203 408 1265 pro
431 1189 526 1267 tergo
550 1183 671 1249 civium
694 1184 766 1271 lata
788 1183 922 1250 videtur
946 1236 952 1249 .
978 1236 983 1248 .
1010 1235 1016 1248 .
1041 1183 1068 1247 .“

254 1287 440 1353 Permirum
464 1293 554 1351 oerte
578 1294 677 1367 esset,
711 1287 739 1352 si
762 1288 813 1353 bis
837 1308 858 1353 a
880 1287 1007 1352 familia
1034 1280 1150 1352 eadem
1182 1292 1304 1350 ternae

168 1393 260 1476 leges
277 1391 317 1457 de
333 1389 573 1473 provocatione
589 1391 638 1455 lat
624 1395 680 1456 tae
697 1396 811 1456 essent
813 1410 925 1471 ‚quae
941 1390 1000 1455 illa
1015 1391 1090 1473 lege
1106 1387 1303 1470 Poplicolae

167 1502 309 1576 exeepta
345 1499 460 1574 „tprae
462 1512 499 1557 er
528 1492 734 1558 sanctionem
763 1493 843 1558 nihil
866 1493 943 1558 novi
969 1492 1159 1558 afferrent&
1207 1491 1303 1573 Qua-

167 1605 305 1680 propter
338 1597 466 1676 Cicero,
501 1616 575 1661 oum
609 1597 708 1662 toties
735 1597 827 1663 vitiis
856 1596 1013 1676 abundet
1042 1595 1196 1662 Valerios
1225 1615 1304 1661 oum

167 1702 297 1767 Poroiis
318 1706 528 1782 permutasse
552 1700 628 1764 mihi
653 1700 795 1765 videtur.
808 1711 833 1769 :2

226 1828 239 1874 ·,
253 1806 302 1870 At
325 1803 446 1869 dixerit
474 1803 638 1884 quispiam
667 1804 738 1868 fieri
768 1823 833 1869 non
861 1803 1022 1884 potuisse,
1047 1809 1083 1868 ut
1106 1802 1223 1869 Cicero
1247 1802 1305 1868 hio

169 1914 309 1993 erraret,
333 1927 407 1973 oum
431 1912 614 1988 exponeret
642 1894 753 1990 „leges
780 1906 923 1972 Poroiae
952 1925 1039 1986 quae
1068 1906 1122 1971 HI
1145 1913 1224 1970 sunt
1246 1905 1304 1970 ΙΙΙ

167 2011 373 2091 Poroiorum,
402 2015 444 2076 ut
471 2010 584 2075 scitis
610 2062 616 2074 .
641 2063 679 2075 ..
727 2009 792 2077 Sed
821 2009 992 2075 annalium
1020 2008 1133 2091 populi
1156 2008 1304 2074 Romani

169 2122 228 2182 aut
269 2119 557 2181 monumentorum
602 2114 782 2180 vetustatis
827 2120 886 2179 aut
930 2114 1090 2195 vulgatae
1135 2112 1304 2194 opinionis

169 2218 402 2284 auctoritatem
437 2216 629 2282 adhibuisse
664 2215 781 2283 Cicero
815 2215 962 2296 videtur,
991 2235 1199 2296 quocumque
1227 2216 1304 2282 loeo

168 2321 288 2387 falsum
312 2319 470 2402 quiddam
494 2325 640 2385 autnon
663 2320 836 2402 probabile
859 2320 1048 2398 rettulerat,
1072 2324 1109 2384 ut
1136 2318 1304 2386 auditoris

167 2425 346 2491 leotorisve
364 2424 509 2489 animum
527 2423 671 2490 sedaret.
706 2423 760 2490 Sic
776 2424 902 2489 laetum
920 2430 971 2489 est
984 2422 1024 2488 de
1036 2441 1072 2488 re
1086 2442 1116 2503 p.
1130 2422 1176 2502 11,
1190 2428 1302 2503 37‚33.

170 2529 382 2611 Quamquam
411 2527 543 2593 dixerat
578 2532 692 2607 „nota
720 2528 847 2593 scilieet
869 2528 928 2593 illa
950 2546 1005 2593 res
1028 2531 1062 2592 et
1092 2527 1305 2592 oelebrata

168 2636 391 2696 monument
396 2631 430 2696 is
463 2631 645 2712 plurimis
679 2631 728 2695 lit
714 2632 945 2711 tterarum“‚
979 2636 1091 2696 tamen
1127 2623 1303 2714 Virginiae

167 2739 226 2816 pa
227 2754 297 2801 rem
314 2733 615 2800 falsoDeormum
633 2734 819 2818 Vugmmm
835 2739 992 2799 nomina
1002 2733 1024 2816 ¹)
1058 2733 1190 2800 Idemf
1189 2739 1303 2800 aetum

168 2843 230 2917 est,
254 2843 378 2903 iam
396 2837 549 2917 vidimus
567 2836 607 2902 de
624 2837 720 2903 domo
737 2843 789 2917 32
796 2843 851 2903 86
877 2843 934 2916 at
957 2857 1090 2916 vero
1093 2834 1303 2906 tann'ales

167 2941 301 3023 populi
340 2941 501 3006 Rome
507 2946 808 3007 tmonumenta
845 2960 891 3006 ve
899 2942 1044 3007 ttusta'
1035 2960 1068 3006 1s
1105 2942 1302 3022 loquuntur.

166 3046 282 3111 Kaeso
305 3045 360 3109 ille
385 3043 562 3125 Quinctius
585 3045 663 3109 ...ιι
712 3044 924 3126 Quamquam
953 3063 1015 3110 neo
1038 3045 1214 3127 (quinctius
1239 3065 1303 3112 neo

166 3148 280 3214 Abala
303 3148 452 3213 revooati
476 3152 583 3236 sunt...

252 3251 424 3317 Nonnulla
447 3252 600 3331 exempla
622 3251 782 3317 historica
798 3250 914 3318 Oioero
935 3252 1043 3333 poetis
1060 3258 1094 3317 et
1108 3252 1301 3320 oratoribus

53 3355 69 3363 ”
166 3354 291 3420 debuit.
336 3354 480 3419 Ennium
509 3353 539 3418 ei
566 3354 599 3418 in
624 3353 751 3420 delioiis
785 3354 889 3420 luisse
923 3356 989 3421 iam
1017 3354 1092 3420 inde
1120 3355 1300 3439 intelliges

167 3457 254 3539 quod
290 3458 379 3538 apud
404 3455 598 3523 Ciceronem
632 3457 777 3538 plurima
810 3458 1001 3542 fragmenta
1027 3464 1106 3539 poet
1108 3478 1148 3524 ae
1175 3457 1300 3525 Rudini

165 3561 342 3627 inveniunt
343 3580 392 3625 ur.
453 3561 525 3626 Nee
567 3561 636 3625 seio
680 3580 724 3626 an
761 3562 922 3627 memoria
958 3562 1104 3627 tenuerit
1142 3562 1300 3644 annales,

166 3664 323 3746 quoniam
346 3663 511 3730 Ennianis
535 3682 615 3730 suas
636 3664 875 3731 sententiasut
862 3665 1159 3731 ttaeoommodare
1145 3666 1299 3747 tverbis‚

167 3775 294 3857 aperte¹
316 3767 484 3834 studebat.
494 3766 520 3849 ²)
565 3768 683 3848 Porro,
713 3772 749 3834 ut
777 3768 980 3835 vetustiores
1007 3773 1161 3835 oratores
1184 3771 1299 3852 populi

255 3955 275 4021 ¹)
295 3955 332 4006 de
354 3955 405 4007 fin.
428 3955 572 4019 11,20‚63;
601 3956 636 4019 V,
647 3956 732 4019 2334
759 3961 840 4010 reete
868 3961 952 4023 paler
977 3957 1090 4009 Lneius
1119 3958 1299 4012 nominatur.

252 4041 272 4109 2)
291 4041 328 4092 de
347 4057 379 4092 re
397 4057 425 4107 p.
444 4041 467 4104 I,
477 4041 528 4105 2‚3
546 4045 681 4108 potentes
704 4043 796 4096 urbes
821 4044 950 4110 appellat
970 4043 1191 4109 „imperiosas“:
1211 4045 1299 4100 Tuse.

166 4128 217 4190 IV,
227 4128 268 4191 23,
278 4126 312 4178 52
330 4126 405 4178 iram
426 4126 575 4191 „insaniae
594 4127 731 4179 initinm“
760 4129 837 4182 Lael.
857 4129 881 4192 6,
892 4129 925 4180 22
943 4145 1002 4182 vox
1020 4129 1158 4180 linniana
1176 4130 1299 4183 affertur

167 4213 244 4277 „vita
261 4211 389 4273 vitalis“;
410 4211 447 4264 de
465 4228 498 4264 re
516 4228 545 4278 p.
563 4212 586 4276 1,
596 4212 638 4276 23,
647 4213 682 4264 49
701 4213 738 4265 de
756 4215 858 4281 regnis
877 4213 1042 4267 indicatur:
1069 4215 1168 4278 „nulla
1187 4213 1298 4285 [regni]

166 4302 268 4350 sancta
287 4297 412 4349 societas
429 4313 486 4350 nee
504 4298 581 4350 fides
601 4328 632 4336 —
652 4301 720 4351 est.“
