2946 5016
624 417 840 474 „Ml-..-

252 599 317 667 Sed
341 605 416 667 utut
438 619 492 666 111
516 619 553 666 11
576 600 678 666 habet
699 600 815 666 eodem
836 601 1022 683 enuntiate,
1046 621 1112 682 q-uo
1128 601 1302 686 singulare

164 703 246 770 illud
281 704 377 770 modo
411 703 610 783 invenimus,
645 704 860 771 continentur
885 724 935 784 ea,
970 705 1092 785 quibus
1116 706 1303 771 Mommsen
1347 747 1351 754 ·

165 809 292 874 nititur.
328 808 372 873 nt
395 807 541 889 suspicio
562 826 650 888 quae
668 808 762 874 nobis
778 808 925 876 occurrit
940 809 1031 874 iusta
1047 808 1178 875 evadet.
1212 811 1304 876 Nam

166 911 206 977 do
230 931 266 977 re
289 932 320 994 p.
344 912 390 992 Il,
403 917 455 991 34,
468 917 509 977 59
533 910 650 978 Cicero
686 931 800 977 secum
829 915 966 993 reputat
990 912 1179 992 „rationem
1196 912 1303 978 fuisse

166 1015 346 1081 maioribus
369 1015 403 1080 in
426 1015 483 1080 illo
517 1033 596 1080 aere
631 1015 741 1081 alieno
775 1013 961 1082 medendi‘.
1009 1015 1138 1097 Quibus
1165 1034 1303 1082 1111111-

165 1118 317 1202 bagibuS,
341 1122 379 1184 ut
400 1119 449 1184 ita
472 1117 591 1199 dicam,
616 1117 811 1186 Ciceronem
833 1119 868 1184 in
891 1119 1080 1186 contrarias
1115 1119 1304 1185 sententias

166 1221 364 1288 distractum
380 1220 571 1289 haesitasse
587 1227 740 1304 apparet,
757 1222 921 1303 quomodo
937 1241 1007 1288 rem
1023 1226 1198 1304 tractaret,
1227 1242 1304 1289 cum

167 1327 231 1394 sibi
254 1330 344 1392 esset
367 1326 522 1392 conscius
547 1325 636 1392 aeris
657 1326 757 1391 alieni
774 1345 875 1392 unum
893 1326 1000 1392 solum
1016 1325 1200 1393 remedium
1216 1345 1304 1408 esse,

166 1431 254 1513 quod
283 1430 361 1496 Solo
385 1429 606 1496 Atheniensis
642 1429 802 1510 adhibuit,
837 1431 1018 1516 σεισάχθειαν
1054 1429 1137 1496 dico.
1183 1431 1304 1512 Neque

168 1556 243 1603 curn
265 1536 351 1621 fugit
374 1554 443 1617 qua
466 1539 555 1601 esset
578 1535 802 1617 perversitate
825 1536 997 1602 obaeratis
1012 1535 1223 1602 tribunorum
1249 1536 1304 1603 ius

167 1640 365 1720 concedere3
390 1638 470 1704 dicit
493 1639 580 1704 enim
603 1638 645 1704 de
668 1658 705 1705 re
720 1659 752 1720 p.
769 1640 815 1719 H,
829 1645 881 1720 34,
894 1645 949 1705 59:
976 1658 1061 1721 „quo
1078 1644 1148 1705 tum
1164 1639 1305 1706 oonsiho

168 1742 226 1828 [so.
262 1740 473 1825 sublevandi]
507 1743 799 1823 praetermisso
834 1762 940 1809 causa
972 1744 1097 1825 populo
1135 1749 1219 1809 nata
1252 1749 1307 1810 est

167 1847 297 1914 duobus
332 1846 475 1912 tribunis
509 1847 551 1926 pl.
580 1865 641 1928 per
674 1846 872 1913 seditionem
895 1847 1028 1927 creatis,
1063 1852 1100 1912 ut
1121 1847 1307 1928 potentia

168 1958 335 2018 senatus
380 1955 500 2031 atque
551 1951 775 2016 auotoritas
824 1951 1103 2017 minueretur“.
1163 1951 1306 2017 Tribuni

167 2056 280 2141 igitur,
303 2059 340 2121 ut
356 2054 473 2120 (licero
493 2055 565 2135 ipse
589 2055 736 2136 exponit,
760 2055 865 2120 creati
888 2074 955 2120 non
979 2058 1069 2135 sunt,
1092 2058 1131 2121 ut
1153 2055 1306 2121 morbum

167 2159 274 2241 plebis
312 2163 484 2239 sanarent,
521 2158 637 2239 immo,
682 2163 720 2224 ut
756 2158 859 2224 nimia
896 2158 1078 2226 dominatio
1116 2158 1307 2238 potentium

169 2262 390 2329 minueretur!

254 2368 461 2447 Discrepant
483 2365 586 2450 igitur
607 2364 695 2430 inter
718 2383 755 2430 se
780 2383 866 2446 quae
891 2364 1006 2430 eodem
1030 2365 1103 2431 loco
1126 2364 1167 2432 de
1191 2368 1308 2433 causis

168 2471 296 2553 primae
332 2469 531 2537 secessionis
554 2467 671 2535 Oicero
705 2468 847 2550 profert,
882 2487 944 2534 neo
979 2468 1113 2535 difficile
1148 2472 1306 2555 cognosci

169 2581 281 2657 potest
313 2594 381 2657 qua
415 2575 546 2640 ratione
580 2579 617 2640 ut
651 2573 824 2654 scriberet,
856 2593 943 2654 quae
967 2573 1112 2655 scripsit,
1136 2573 1307 2640 adductus

170 2680 222 2746 sit.
268 2680 350 2745 Elius
384 2678 472 2744 enim
506 2677 711 2759 temporibus
746 2695 820 2742 cum
852 2695 911 2742 aes
935 2677 1080 2744 alienum
1104 2677 1310 2762 gravissima

170 2802 276 2850 causa
299 2781 500 2848 secessionis
523 2781 715 2860 haberetur,
748 2780 882 2862 Polyhii
909 2784 1023 2846 autem
1046 2782 1308 2847 commentarius

170 2888 216 2953 nil
250 2886 314 2953 nisi
347 2886 484 2952 nimiam
518 2885 777 2951 dominationem
811 2885 996 2966 potentium
1020 2889 1309 2966 commemoraret,

170 2991 296 3057 lactum
331 2996 391 3071 est,
426 2994 463 3056 ut
497 3008 564 3070 qua
591 2993 665 3054 crat
688 2988 826 3054 levitate
850 2988 982 3055 Tullius
1004 2988 1039 3054 in
1061 2987 1205 3055 historia
1228 3008 1310 3055 oon-

170 3093 348 3161 scribenda
382 3093 595 3159 narrationes
629 3092 718 3157 inter
751 3110 787 3158 so
820 3096 1010 3175 pugnantes
1042 3090 1308 3176 confunderetb.

172 3197 239 3264 Sed
276 3217 350 3264 cum
387 3215 442 3262 res
480 3195 680 3262 secessionis
719 3195 912 3280 singulatim
950 3200 1127 3261 enarraret
1168 3201 1309 3264 secutus

172 3307 322 3368 tenorem
357 3298 500 3380 Polybii,
535 3302 573 3363 ut
606 3290 750 3378 videtur,
788 3316 855 3363 non
892 3297 978 3382 fugit
1015 3317 1091 3363 eum
1128 3298 1310 3365 verborum

172 3424 309 3473 suorum
339 3402 509 3484 pravitas3
545 3420 650 3482 quare
685 3400 843 3467 dubitans
877 3400 957 3481 quid
990 3400 1118 3466 laceret
1153 3401 1310 3468 tribunos

173 3514 305 3576 creatos
329 3525 404 3574 esse
428 3504 574 3571 tradidit.
609 3507 682 3570 Nec
703 3510 817 3570 tamen
841 3504 1069 3585 praetermisit
1085 3523 1143 3571 aes
1160 3505 1310 3573 alienum

173 3631 240 3678 non
276 3629 350 3677 esse
385 3608 577 3691 levatum2).
625 3608 690 3675 Sed
725 3628 766 3673 ex
801 3628 851 3688 ee,
886 3607 974 3688 quod
1008 3607 1147 3692 ambigit
1176 3608 1310 3676 Tullius

173 3715 250 3798 quid
285 3715 400 3795 faciat,
433 3712 532 3778 facile
567 3713 702 3797 colliges
726 3731 801 3778 eum
825 3730 891 3776 non
914 3713 1101 3792 complures
1125 3711 1310 3795 scriptores

173 3837 398 3902 comparasse,
422 3815 482 3883 sed
505 3815 625 3883 leviter
647 3814 877 3882 tantummodo
901 3833 971 3880 rem
998 3815 1250 3896 perstrinxisse.

262 4007 283 4075 ¹)
302 4005 404 4059 nescio
419 4020 457 4057 an
466 4006 567 4070 Nepos
581 4004 695 4056 aliusve
706 4007 818 4068 auctor,
832 4004 884 4071 qui
897 4007 962 4056 tum
973 4003 1110 4057 Ciceroni
1124 4003 1157 4056 in
1166 4005 1310 4059 manibus

174 4098 244 4158 erat,
272 4109 322 4146 aes
349 4079 481 4145 alienum
508 4091 676 4158 respexerit
701 4090 906 4157 potissimum
934 4091 1036 4143 nescio
1064 4105 1102 4143 111
1121 4089 1227 4143 Oioero
1250 4091 1311 4145 sibi

173 4179 357 4248 persuaserit
375 4193 443 4230 aere
462 4177 559 4230 1111111
577 4176 698 4244 plebem
715 4177 809 4229 fuisse
828 4177 994 4229 excitatam.

261 4265 283 4335 ²)
303 4263 492 4329 Quibusnam
505 4264 542 4316 de
556 4263 654 4316 causis
669 4262 842 4329 Schwegler
851 4265 885 4315 R.
896 4262 929 4315 G.
939 4263 977 4327 H,
988 4263 1039 4314 259
1051 4261 1130 4315 dicat
1142 4262 1309 4317 111011111-

175 4369 245 4406 nem
263 4352 387 4420 quidem
406 4350 540 4404 omisisse
559 4350 637 4403 aeris
656 4349 747 4402 alieni
764 4350 944 4402 levationem
962 4364 1024 4401 uon
1041 4348 1186 4416 intelligo.
