2946 5016
557 371 772 432 -35-

184 554 285 621 dere
308 575 339 636 p.
364 555 410 635 ΙΙ,
424 560 474 635 15,
487 561 629 622 28—-292
665 575 752 636 nam,
781 561 967 639 quartum
989 558 1065 624 iam
1089 577 1233 626 annum

98 664 292 743 regnante
314 658 420 724 Lucio
443 659 627 740 Tarquinio
663 659 825 742 Superbo,
861 661 1014 744 Sybarim
1049 666 1083 727 et
1115 663 1232 730 Croto-

98 781 173 827 nem
197 767 231 828 61
252 762 287 827 iu
311 780 369 827 eas
385 761 508 828 ltaliae
531 768 648 843 partes
665 764 880 848 Pythagoras
903 764 1040 831 venisse
1056 766 1231 848 reperitur.

99 864 300 948 Olympias
317 865 417 930 enim
434 866 610 932 secunda
626 872 666 933 61
680 868 933 951 sexagesima
949 867 1231 950 eademSuperbi
1260 861 1263 866 ’

88 970 211 1052 >regni
247 968 404 1035 initium
438 974 471 1036 61
518 971 775 1055 Pythagorae
816 971 969 1037 declarat
1007 972 1229 1039 adventum.

98 1093 138 1139 ex
162 1093 227 1154 quo
250 1073 391 1158 intelligi
414 1073 537 1158 regiis
562 1075 677 1141 anuis
701 1074 965 1141 dinumeratis
991 1081 1113 1157 potest,
1131 1095 1231 1143 anno

97 1177 179 1242 fere
203 1177 422 1243 centesimo
447 1181 485 1242 et
508 1177 816 1262 quadragesimo
839 1183 914 1259 post
937 1183 1078 1244 mortem
1100 1181 1231 1247 Numae

97 1280 236 1360 primum
260 1280 395 1345 Italiam
418 1281 649 1365 Pythagoram
674 1281 836 1366 attigisse.

92 1445 94 1450 .
182 1383 223 1449 de
246 1403 283 1449 re
306 1403 336 1465 p.
360 1384 406 1463 H,
418 1384 461 1464 X,
476 1389 530 1449 17:
555 1404 595 1450 ac
617 1385 780 1451 Romulus
805 1406 879 1451 cum
896 1390 1024 1467 septem
1042 1391 1076 1451 et
1091 1387 1231 1472 triginta

96 1488 306 1572 regnavisset
334 1507 450 1554 annos.

181 1591 222 1657 (16
244 1610 328 1672 rep.
346 1593 392 1672 ll,
407 1598 457 1672 14,
470 1597 526 1658 27:
550 1591 669 1658 6161116
686 1589 745 1677 [66.
762 1590 884 1676 Numa]
903 1613 977 1658 curn
993 1593 1229 1675 undequadra-

96 1694 191 1778 ginta
213 1714 320 1761 anuos
345 1748 350 1760 .
377 1747 383 1760 .
409 1747 415 1759 .
439 1695 664 1780 regnavisset.

180 1799 367 1865 Mommsen
401 1818 475 1864 oum
508 1818 627 1883 regum
662 1819 769 1866 annos
803 1800 971 1867 conferret
1004 1820 1022 1865 6
1057 1800 1228 1869 Ciceronis

94 1903 178 1969 libro
203 1901 244 1968 (16
266 1921 303 1968 re
325 1923 356 1983 p.
380 1903 417 1967 ll
439 1909 483 1982 et,
506 1903 595 1984 quod
620 1903 741 1968 attinet
768 1903 810 1968 ad
834 1904 967 1970 Tullum
990 1905 1172 1971 Hostilium
1196 1912 1243 1972 61

95 2006 248 2073 Servium
271 2007 416 2072 Tullium
427 2005 461 2090 ¹),
486 2007 560 2072 aliis
584 2025 626 2071 en
648 2006 842 2087 fontibus²)‚
867 2027 1029 2073 annorum
1054 2028 1227 2074 numerum

95 2116 156 2175 138
186 2111 428 2177 accuratiorem
454 2129 528 2176 esse
553 2110 696 2176 coniecit
723 2129 823 2191 quam
848 2115 919 2191 140,
944 2131 1041 2193 quem
1066 2130 1228 2177 annorum

93 2234 266 2280 numerum
291 2215 437 2280 aNuma
460 2205 596 2280 mortuo
615 2233 721 2296 usque
745 2213 788 2278 ad
811 2214 940 2281 initium
965 2215 1060 2299 regni
1085 2214 1227 2295 Superbi

92 2319 284 2400 perlapsum
308 2337 383 2384 6666
405 2317 535 2383 Tullius
559 2317 679 2384 statuit
701 2317 742 2383 (16
766 2338 802 2383 re
829 2340 861 2401 p.
884 2319 930 2399 ΙΙ,
945 2324 995 2398 15,
1008 2322 1059 2384 28.

264 2453 928 2516 T.H.=†-A.M.-l-T.P.÷S.T.-l-T.S.

286 2541 319 2593 32
363 2550 393 2598 1-
438 2541 548 2598 23--1-
589 2541 689 2601 38÷
731 2542 765 2593 44
802 2540 1054 2605 ÷1=13a

177 2661 261 2727 Inde
283 2662 453 2743 profectus
477 2664 624 2729 calculos
648 2682 669 2728 a
692 2662 853 2729 Cicerone
881 2664 922 2729 de
945 2682 980 2728 rc
1003 2682 1034 2744 p.
1060 2664 1106 2744 11,
1120 2669 1170 2743 15,
1183 2669 1225 2729 29

91 2765 274 2832 subductos
297 2785 372 2831 cum
393 2765 586 2847 discuteret,
602 2766 758 2832 Fabiana
781 2785 847 2832 nou
864 2766 1073 2832 Graecorum
1093 2766 1224 2832 ratione

91 2867 286 2936 Ciceronem
309 2889 406 2935 usum
430 2888 504 2937 6666
527 2871 714 2936 Mommsen
734 2870 869 2937 statuit:

272 3022 323 3075 748
341 3022 405 3089 (747
422 3024 515 3076 Roma
534 3023 662 3091 condita)

87 3108 324 3176 -137-1-39-1-1)
344 3107 428 3178 [anni
445 3110 565 3164 Romuli
584 3113 612 3162 61
624 3110 740 3163 Numae
759 3110 820 3163 etl
839 3125 937 3163 annus
958 3110 1222 3182 interregnorum.]

273 3213 322 3265 671

227 3328 262 3337 -
273 3298 322 3352 138

224 3374 508 3486 ‘nizam

173 3544 238 3610 Sed
262 3543 415 3610 omisisse
440 3543 573 3609 videtur
587 3545 772 3610 Mommsen
800 3544 904 3608 verba
930 3550 1132 3625 „quartum
1156 3546 1222 3612 iam

87 3668 211 3715 anuum
234 3650 400 3733 regnante
423 3648 461 3712 L.
479 3647 661 3727 Tarquinio
679 3646 831 3727 Superbo
847 3647 1062 3732 Pythagoras
1086 3650 1221 3716 venisse

85 3751 271 3835 reperitur“
308 3756 342 3816 et
376 3771 450 3817 cum
485 3769 527 3815 ex
561 3750 682 3831 verbis
707 3770 794 3832 quae
817 3755 897 3817 sunt
920 3750 1071 3832 „initium
1093 3753 1221 3838 regui“‚

174 3958 191 4025 ¹)
212 3957 270 4021 Qui
298 3961 443 4023 quantum
471 3956 614 4023 temporis
640 3956 836 4024 regnaverint
861 3961 985 4024 propter
1014 3959 1153 4011 lacunam
1183 3974 1220 4011 ex

83 4045 162 4098 libro
180 4045 232 4097 illo
252 4043 289 4097 de
308 4059 340 4096 re
359 4061 387 4111 p.
406 4044 436 4098 H
453 4043 586 4111 perspici
605 4059 666 4097 non
683 4046 788 4110 potest.

170 4130 190 4198 ²)
208 4133 241 4184 R.
253 4130 361 4183 Chron.
371 4147 399 4196 p.
411 4131 472 4183 139:
488 4130 679 4196 „wesentlich
693 4130 848 4183 dieselben
861 4131 972 4184 Zahlen
985 4131 1084 4185 haben
1096 4130 1219 4195 Diodor‚

84 4218 138 4271 der
158 4217 374 4283 Chronograph
391 4231 452 4268 von
470 4217 521 4269 354
535 4256 540 4270 .
554 4255 560 4268 .
574 4257 580 4269 .
594 4231 654 4268 nur
674 4216 742 4270 dass
762 4216 831 4269 dem
848 4218 947 4270 Numa
965 4217 1069 4271 Cicero
1088 4217 1129 4282 39,
1147 4217 1218 4270 Dio-

83 4305 138 4357 dor
156 4304 219 4355 und
240 4304 293 4354 der
313 4302 529 4368 Chronograph
547 4304 578 4354 41
598 4302 689 4354 Jahre
708 4301 864 4355 zuteilen“.
