2946 5016
622 387 837 446 ...33-

163 571 274 656 potuit
275 575 354 654 ,ut
378 570 562 639 Ascanium
596 570 767 656 fugeret
757 591 792 637 ιιι
815 565 904 639 Livii
926 572 1067 640 historia
1089 571 1177 640 trust
1162 576 1218 639 tra
1240 591 1298 639 eos

165 694 239 742 oum
273 676 371 758 plebe
405 676 529 762 egisse3
562 694 663 758 porro
695 680 790 761 pcntr
764 675 847 742 ιιιθιι
880 695 941 758 per
971 695 1067 758 quern
1090 677 1242 743 tribunos
1264 677 1299 742 X

164 778 271 862 plebis
306 783 509 848 creaverunt
542 799 563 846 a
584 779 682 846 Livio
704 781 770 862 HI,
783 785 826 847 54
849 780 889 863 Q.
912 780 1046 862 Furius,
1081 780 1123 846 ab
1150 781 1299 848 Asconio

164 882 216 949 ll.
232 882 391 966 Papirius
415 887 565 950 vocatur.
1162 935 1163 938 ,

252 987 325 1054 Nec
346 986 448 1054 miror
470 986 558 1067 quod
581 986 616 1052 in
632 986 721 1054 Livii
743 987 1011 1081 historialegati
1026 987 1074 1053 illi
1090 992 1160 1054 tres
1175 987 1301 1054 intaeta

166 1109 202 1156 re
224 1090 368 1157 Romam
389 1090 549 1172 redirent,
583 1110 658 1157 cunr
692 1091 783 1158 haud
809 1092 908 1160 dubie
931 1091 1020 1157 Livii
1044 1098 1161 1158 auctor
1184 1094 1302 1176 ageret

166 1194 272 1276 id,t
234 1199 272 1262 ut
286 1213 417 1260 omnem
433 1193 620 1260 discordiae
637 1194 776 1261 sedatae
792 1195 927 1262 laudern
941 1194 1080 1262 Valerio
1102 1201 1136 1261 θι
1156 1194 1300 1261 Horatio

167 1298 207 1365 cb
231 1317 274 1364 ea
296 1297 416 1364 merita
438 1298 610 1378 sequentis
634 1299 712 1364 anni
736 1299 928 1365 consulibus
952 1302 1045 1387 creat
1046 1299 1076 1366 is
1031 1298 1300 1364 tvindioaret.

167 1401 317 1468 Licinius
333 1402 459 1483 Macer,
483 1402 551 1468 ut
541 1420 607 1468 ram
630 1402 785 1483 vidimus,
808 1404 871 1468 hoc
888 1404 960 1470 loco
977 1422 998 1469 a
1013 1376 1110 1469 Livio
1128 1384 1301 1486 neglectus

168 1510 227 1572 ost.
204 1505 316 1572 tAe
340 1524 381 1571 ne
397 1505 554 1572 Pisonem
578 1505 711 1588 quidem
736 1526 809 1574 esse
834 1507 1038 1589 exscriptum
1054 1506 1130 1572 inde
1148 1506 1302 1586 elficit,ur

170 1609 257 1690 quod
284 1608 403 1675 Livius
437 1610 526 1676 hunc
560 1609 593 1674 in
628 1609 762 1678 modum
789 1611 925 1692 scripsit
951 1607 1176 1693 (111‚54,12):
1214 1613 1302 1690 ,tum

170 1712 204 1779 C.
222 1713 392 1794 Sicinium,
416 1713 608 1797 progeniem
633 1714 716 1795 eius,
741 1734 838 1796 quern
855 1715 996 1797 primurn
1013 1715 1181 1780 tribunum
1197 1712 1302 1795 plebis

170 1822 345 1883 creatum
368 1816 406 1881 in
427 1816 548 1883 Sacro
572 1823 702 1883 monte
725 1818 891 1900 proditum
909 1819 1088 1885 mamonae
1105 1818 1187 1883 est“.
1221 1816 1303 1882 Piso

170 1924 282 1986 autern
305 1920 339 1984 in
355 1919 563 1986 Aventinum
586 1921 712 1987 iactam
736 1941 810 1989 esse
833 1923 978 2004 priorem
995 1921 1217 1988 secessionem
1233 1924 1304 1985 tra·

170 2023 262 2090 didit.
307 2024 386 2090 Jam
420 2024 504 2090 cum
530 2042 733 2106 quaeramus
768 2026 943 2093 cuiusnam
970 2026 1133 2092 interesse
1157 2023 1304 2106 potuerit

170 2126 342 2194 Valerium
358 2129 525 2209 quendam
538 2129 723 2212 discordias
736 2131 856 2197 sedare
868 2137 959 2198 recte
972 2131 1166 2216 colligemus
1179 2150 1220 2195 en
1232 2129 1303 2194 An-

170 2231 253 2296 tiate
260 2227 397 2297 Valerio
408 2232 541 2301 Livium
554 2233 711 2301 hausisse
723 2234 758 2299 in
772 2235 964 2301 enarranda
977 2233 1087 2300 altera
1099 2233 1303 2312 secessione,

171 2339 205 2400 θι
227 2334 344 2400 mirum
368 2334 402 2400 in
418 2335 552 2401 modum
568 2343 768 2420 congruunt,
784 2357 870 2419 quae
885 2339 1047 2405 Maschke
1061 2336 1081 2420 ¹)
1099 2337 1305 2422 argumentis

172 2458 213 2504 err
245 2438 318 2504 iure
354 2438 443 2505 civili
477 2439 682 2521 depromptis
710 2441 866 2507 evincere
891 2449 1034 2509 conatus
1058 2447 1120 2522 est,
1145 2440 1305 2507 Sullanae

173 2543 296 2610 aetatis
320 2543 516 2624 scriptorem
540 2563 561 2609 a
583 2544 680 2611 Livio
704 2563 781 2612 esse
807 2545 1010 2627 exscriptum
1019 2543 1055 2628 ²).
1092 2544 1206 2626 Quare
1230 2562 1306 2608 nar·

260 2696 280 2764 ¹)
299 2697 331 2748 R.
350 2697 502 2760 Maschke,
529 2698 813 2766 FreiheitsprocesS‚
841 2716 868 2765 p.
888 2700 929 2763 46,
957 2697 1059 2765 magni
1080 2697 1225 2765 ponderis
1244 2711 1308 2748 esse

173 2782 315 2850 opinatur
334 2784 415 2850 quod
435 2787 463 2836 et
480 2784 517 2837 de
530 2801 603 2852 rep.
618 2785 656 2850 11,
666 2785 708 2849 37,
718 2785 751 2838 63
764 2786 837 2839 etin
852 2785 1030 2839 Corneliana
1043 2785 1176 2837 oratione
1189 2783 1311 2835 nomina

172 2869 265 2937 Appii
285 2869 411 2934 Claudii,
431 2869 587 2938 Virginios
607 2871 726 2924 silentio
745 2876 984 2939 praetereuntur,
1009 2875 1060 2924 aut
1078 2875 1163 2938 pater
1182 2869 1309 2936 virginis

172 2956 246 3010 falso
259 2955 402 3007 Decimus
415 2955 575 3023 Virginius
593 2957 776 3010 nominatur.
803 2957 871 3009 dam
890 2957 963 3009 haec
978 2957 1123 3009 Maschke
1144 2971 1310 3021 congruere

173 3042 276 3095 statuit
295 3057 362 3094 cum
381 3042 428 3105 ιιι,
447 3058 524 3108 quae
543 3044 575 3095 B.
594 3043 684 3095 Niese
704 3043 877 3095 observavit
903 3042 952 3111 (de
975 3044 1072 3095 annal.
1091 3044 1173 3096 Rom.
1194 3043 1311 3095 observ.

172 3129 554 3197 Marburg.1886p.bsq.)
582 3128 696 3182 scilicet
724 3146 783 3196 quo
808 3129 938 3197 quisque
965 3129 1091 3183 inferior
1118 3133 1196 3182 esset
1218 3133 1311 3182 aetate

173 3215 252 3268 liber
272 3214 433 3279 Ciceronis
453 3230 486 3268 eo
506 3216 676 3268 accuratius
695 3220 723 3268 et
742 3217 905 3282 perfectius
924 3216 1046 3269 nomina
1065 3231 1130 3268 esse
1153 3215 1312 3281 adscripta.

175 3302 258 3366 Quae
277 3301 425 3353 observat'
405 3305 445 3354 tro
459 3301 560 3354 Niesei
579 3303 604 3353 si
624 3303 656 3354 in
675 3303 854 3356 universum
873 3306 989 3368 spectas
1008 3301 1110 3354 nescio
1130 3318 1167 3354 an
1182 3317 1252 3354 vera
1265 3300 1312 3355 sit.

174 3389 238 3440 Hoc
258 3392 307 3440 aut
309 3403 357 3441 em
375 3388 466 3440 loro'
458 3403 518 3440 ram
530 3388 681 3441 Asconius
700 3394 763 3442 rect
766 3404 816 3442 um
833 3389 909 3440 vidit
928 3404 997 3440 rum
1010 3388 1124 3440 diceret
1137 3388 1312 3441 Ciceronem

172 3475 296 3527 uomina
324 3474 468 3538 omisisse,
496 3474 567 3540 quia
593 3475 784 3528 notissimum
813 3469 876 3528 erat
894 3476 924 3529 X
937 3475 1036 3527 virum
1063 3475 1149 3526 illum
1177 3474 1311 3541 Appium

175 3560 336 3616 Claudium
354 3561 495 3613 fuisset
467 3565 495 3613 θι
512 3563 628 3626 patrem
647 3562 822 3629 virginisL.
832 3561 1018 3629 Virginium.
1045 3562 1158 3614 Eadem
1173 3560 1210 3613 de
1224 3575 1313 3613 causa

175 3647 308 3701 breviter
328 3648 365 3700 de
384 3663 417 3701 re
436 3663 463 3712 p.
478 3647 515 3711 II,
526 3648 567 3712 37,
577 3649 610 3700 b3
629 3664 694 3701 ιθιιι
712 3649 918 3702 tantummodo
938 3648 1126 3714 perstringis
1149 3647 1201 3700 sed
1220 3647 1265 3699 ibi
1282 3647 1314 3700 id

176 3750 231 3788 cur
250 3734 337 3787 faciat
355 3734 499 3800 explicat:
520 3738 605 3800 ,nota
624 3735 739 3788 scilieet
757 3735 808 3788 illa
826 3750 875 3789 res
894 3739 922 3788 θι
941 3735 1091 3787 celebrata
1112 3733 1314 3786 monumentis

176 3819 317 3889 plurimis
344 3820 536 3873 litterarum“.
575 3821 674 3885 Quare
702 3821 812 3875 falsum
840 3825 886 3874 est
913 3821 1050 3874 conicere
1072 3821 1138 3886 ipsa
1162 3819 1316 3872 Ciceronis

177 3912 271 3961 aetate
290 3908 412 3960 nomina
430 3906 481 3960 illa
500 3923 565 3960 esse
583 3908 660 3960 ficta.

264 3994 286 4063 ²)
307 3993 420 4057 Quodsi
442 3994 594 4046 Licinium
612 4001 682 4047 eum
699 3995 799 4058 fuisse,
819 4010 910 4061 quem
923 3993 1118 4060 exscripserit
1130 3993 1244 4057 Livius,
1258 3992 1316 4045 sibi

178 4081 320 4134 Maschke
338 4079 509 4146 persuadet,
529 4082 714 4147 argumentis
733 4095 826 4148 supra
844 4079 940 4134 allatis
959 4080 1115 4142 refellitur.
1152 4080 1229 4132 Nam
1248 4079 1317 4146 quis

178 4167 320 4235 opinetur
338 4167 476 4219 Macrum
490 4167 606 4220 —licet
624 4166 781 4221 historiam
800 4166 973 4234 depravarit
984 4195 1018 4204 -
1031 4169 1090 4219 tam
1108 4165 1318 4233 neglegentem

180 4255 281 4320 tuisse,
309 4258 343 4308 ut
369 4253 401 4307 in
429 4255 598 4308 enarranda
617 4255 718 4309 altera
746 4254 915 4308 secessione
942 4269 975 4309 se
1006 4252 1199 4320 splendorem
1228 4251 1319 4318 primi

181 4341 353 4394 tribunatus
371 4340 454 4407 genti
473 4356 544 4394 suae
563 4339 736 4394 attribuisse
755 4339 821 4407 ipse
840 4338 983 4394 nesciret!
1083 4393 1086 4399 ,
1183 4407 1198 4460 3
