2946 5016
626 320 840 385 *27..

163 509 269 576 verba
292 530 313 576 a
336 509 483 576 librariis
505 510 767 591 haudquaquam
796 511 985 593 depravata
1012 530 1053 576 ex
1069 511 1159 577 fonte
1176 511 1300 592 optimo

163 613 330 694 fluxerint,
354 633 429 680 cum
463 613 622 679 restituta
650 634 725 681 esse
749 615 878 696 possint
905 614 993 696 plebi
1020 613 1097 680 iura
1119 613 1300 693 clientium,

164 735 252 798 quae
275 717 305 781 ei
329 723 427 782 erant
450 724 487 783 ut
509 718 592 782 Ihne
616 719 784 799 opinatur,
809 723 868 784 aut
890 717 965 784 iura
989 738 1030 782 ex
1053 723 1153 800 paeto
1177 716 1208 782 ei
1222 737 1299 798 pro·

163 821 268 887 missa
283 839 357 886 cum
373 821 501 911 intrem
512 821 680 902 publicam
691 821 879 888 Romanam
892 821 1085 888 transirent.
1114 821 1300 887 Nectamen

164 923 335 990 Asconius
370 943 457 1004 quae
492 924 635 990 coniecit
667 925 893 1006 praeferenda
922 944 996 991 esse
1020 944 1151 992 censeo.
1197 923 1301 990 Aliud

164 1047 245 1094 vero
280 1027 313 1092 in
348 1047 414 1108 quo
449 1026 650 1094 offendimus
684 1029 747 1095 hoc
771 1033 836 1095 est:
871 1031 1077 1114 Fragmenta
1101 1034 1244 1095 exeunte
1267 1029 1302 1094 in

166 1131 337 1198 codicibus
373 1131 515 1198 Asconii
547 1133 583 1198 M
607 1137 641 1198 et
663 1134 728 1214 ΡΙ)
763 1134 922 1218 leguntur
956 1134 1091 1216 „itaque
1128 1133 1302 1214 auspicato

163 1241 301 1318 postero
317 1254 406 1301 auno
423 1236 458 1300 X
473 1241 513 1301 tr.
526 1237 570 1317 pl.
586 1288 592 1301 .
610 1289 637 1302 ..
660 1237 765 1302 creati
789 1243 876 1304 suut.
912 1237 1086 1304 Sozomeni
1116 1256 1197 1302 vero
1222 1256 1301 1317 apo-

165 1340 329 1424 graphum
352 1340 387 1404 X
409 1358 584 1405 numerum
619 1339 740 1406 omisit.
786 1341 892 1406 Falsa
925 1360 1005 1407 vero
1040 1339 1246 1406 exhibuisset
1273 1338 1302 1405 si

164 1453 210 1509 re·
225 1462 309 1508 vera
325 1442 442 1508 Oicero
467 1443 660 1524 scripsisset
683 1443 771 1524 quod
794 1443 927 1528 legitur,
943 1442 1010 1509 iam
1029 1463 1118 1509 anno
1135 1462 1164 1508 a.
1178 1443 1256 1510 Chr.
1271 1463 1302 1509 n.

165 1552 239 1613 493.
263 1547 298 1613 Χ
328 1546 485 1613 tribunos
520 1553 653 1613 creatos
688 1566 773 1628 esse,
808 1567 883 1614 cum
915 1546 1005 1613 inter
1032 1561 1147 1614 omnes
1171 1553 1304 1614 constet

167 1654 256 1718 anno
278 1656 351 1716 457.
376 1670 406 1716 a.
432 1649 508 1718 (ihr.
522 1671 564 1739 un.
602 1671 775 1717 numerum
810 1644 1020 1717 tribunorum
1054 1671 1160 1732 usque
1196 1650 1239 1717 ad
1269 1651 1303 1716 X

167 1774 243 1821 esse
279 1758 424 1820 auctum.
471 1754 567 1837 Quae
602 1774 677 1821 cum
712 1756 760 1821 ita
796 1756 864 1822 sint
892 1773 1095 1836 quaeramus
1118 1753 1236 1821 Cicero
1260 1773 1303 1821 an

167 1859 297 1925 librarii
331 1878 374 1925 an
402 1859 509 1925 lector
534 1859 645 1940 quivis
668 1860 702 1925 X
724 1859 944 1941 interpolarit.
981 1858 1166 1925 'Librarius
1191 1862 1304 1924 autem

166 1981 327 2044 peccasse
351 1962 622 2029 verisimile‘non
646 1969 713 2043 est;
742 1963 803 2030 sed
826 1983 867 2029 ne
893 1963 1090 2030 Ciceronem
1114 1961 1246 2044 quidem
1270 1962 1304 2027 X

168 2067 343 2148 scripsisse
365 2065 444 2134 inde
466 2066 675 2151 intelligitur,
699 2068 856 2158 quoniam
880 2067 952 2133 lieri
975 2087 1042 2133 non
1064 2066 1173 2148 potuit
1194 2072 1233 2133 ut
1255 2065 1305 2131 ita

166 2176 322 2255 pergeret
345 2173 480 2253 „itaque
502 2172 537 2236 X
560 2176 600 2236 tr.
624 2169 667 2253 pl.
691 2170 797 2237 creati
820 2172 930 2252 suut‘,
965 2191 1039 2237 cum
1067 2175 1170 2236 antea
1204 2169 1304 2236 duos

168 2279 300 2341 creatos
335 2295 410 2342 esse
444 2274 630 2356 explicarit.
676 2275 818 2342 Accedit
847 2275 935 2356 quod
959 2273 1153 2354 Asconium,
1177 2273 1305 2340 scilicet

168 2397 266 2459 quem
290 2380 544 2446 accuratissime
560 2380 797 2461 percensuisse
813 2379 915 2445 Tullii
938 2379 1043 2444 verba
1067 2397 1163 2443 nemo
1188 2377 1304 2458 nescit,

167 2481 284 2565 fugere
308 2502 375 2549 non
408 2488 566 2566 poterant
600 2487 731 2563 errata;
764 2483 864 2548 immo
898 2501 980 2548 vero
1015 2501 1056 2547 ex
1083 2482 1196 2548 verbis
1231 2479 1305 2547 eius

168 2585 308 2670 colligas
323 2587 356 2652 X
373 2607 448 2654 eum
464 2606 531 2653 non
547 2587 669 2672 legisse
685 2587 842 2667 quoniam
858 2585 951 2651 dicit:
977 2591 1145 2666 „ceterum
1169 2584 1305 2667 quidam

169 2706 234 2755 non
257 2689 294 2754 ΙΙ
317 2697 357 2756 tr.
382 2691 437 2772 pl,
471 2694 513 2756 ut
548 2689 689 2756 Cicero
723 2689 839 2770 dixit,
871 2688 931 2756 sed
953 2688 986 2753 V
1008 2688 1148 2755 tradunt
1171 2693 1305 2756 creatos

168 2799 237 2859 tum
262 2814 337 2861 esse
363 2847 369 2860 .
395 2846 401 2860 .
427 2846 433 2859 .
458 2800 537 2861 sunt
563 2800 687 2874 tamen,
711 2793 767 2874 qui
791 2792 934 2858 eundem
957 2792 1049 2859 illum
1077 2792 1304 2874 duorum.“²)

170 2897 283 2980 Quare
317 2898 452 2964 lectoris
487 2898 661 2964 cuiusdam
694 2901 869 2978 peccatum
903 2896 957 2962 hic
984 2896 1201 2963 statuendum
1229 2916 1305 2963 esse

170 3020 301 3082 censeo,
325 3001 413 3083 quod
442 3001 568 3082 Cicero,
593 3021 667 3068 cum
695 3002 736 3066 de
758 3001 869 3066 altera
894 2999 1085 3066 secessione
1108 3001 1305 3081 loqueretur

170 3108 287 3187 aperte
325 3104 409 3171 dixit
447 3106 500 3187 „X
536 3106 687 3171 tribunos
726 3109 929 3170 creaverunt
942 3104 960 3169 ‘.
1018 3103 1235 3186 Quapropter
1271 3104 1305 3170 X

169 3230 344 3277 nnmerum
365 3210 400 3276 in
423 3209 616 3276 narratione
639 3210 767 3292 primae
790 3209 990 3276 secessionis
1014 3208 1191 3274 delendum
1214 3215 1304 3290 puto.

123 3326 126 3330 ’
254 3315 334 3380 Jam
357 3333 444 3395 quae
461 3313 579 3380 Cicero
603 3314 644 3379 de
668 3313 859 3380 secessione
882 3313 990 3393 prima
1005 3312 1132 3394 profert
1149 3332 1190 3377 ex
1213 3312 1304 3378 fonte

169 3437 252 3500 puro
270 3421 303 3482 et
319 3417 458 3499 antiquo
475 3435 631 3483 manasse
647 3418 703 3482 vel
717 3416 795 3482 inde
812 3417 931 3496 elucet,
951 3415 1038 3497 quod
1055 3415 1139 3483 duos
1158 3420 1305 3481 tantum·

169 3521 266 3588 modo
294 3520 447 3586 tribunos
474 3520 581 3602 plebis
608 3522 644 3585 in
671 3525 784 3587 monte
813 3539 910 3586 sacro
934 3525 1067 3586 creatos
1091 3539 1167 3608 esse
1191 3520 1305 3586 tradit.

170 3625 296 3692 Omnes
331 3623 417 3690 enim
452 3625 633 3705 scriptores
667 3625 722 3705 qui
758 3624 861 3691 libros
895 3629 972 3705 post
993 3623 1129 3690 Pisonis
1165 3624 1306 3689 annales

170 3728 412 3796 ediderunt-
435 3727 550 3794 Attico
585 3733 619 3792 et
653 3726 814 3794 Cicerone
850 3726 998 3809 exceptis
1026 3765 1069 3771 —
1097 3728 1306 3793 tribunorum

171 3828 345 3900 numerum
380 3831 537 3897 videntur
569 3832 780 3913 immutasse3
817 3831 905 3913 quod
943 3831 1088 3912 quidem,
1127 3831 1161 3897 ni
1197 3831 1306 3910 fallor,

171 3937 323 4020 sequitur
345 3955 387 4001 ex
409 3935 548 4001 Asconii
571 3935 683 4002 verbis
707 3937 763 4017 qui
787 3935 868 4001 dicit
889 3934 910 4001 l.
936 3954 961 4002 s.
987 3936 1046 4001 all:
1073 3941 1171 4017 „sunt
1193 3941 1306 4000 tamen

256 4089 280 4159 ¹)
297 4089 517 4156 Barptolemaei
543 4091 580 4143 de
607 4089 859 4156 Montepolioiano
887 4093 915 4142 et
943 4089 1062 4142 codices
1091 4104 1128 4140 ex
1155 4089 1307 4157 Poggiano

173 4177 341 4246 apographo
361 4178 565 4244 transsumpti.

255 4263 276 4331 2)
296 4263 333 4316 de
345 4279 378 4316 re
390 4280 418 4329 p.
431 4263 469 4327 Il,
479 4263 521 4327 37,
531 4265 565 4316 59
578 4263 681 4316 Cicero
700 4267 780 4316 recte
794 4267 906 4315 narrat:
927 4262 1070 4314 duobus
1082 4266 1118 4314 tr.
1131 4262 1171 4328 pl.
1187 4261 1307 4315 creatis!
