2946 5016
473 371 800 441 '--1o-

123 563 234 645 ‘lupae
249 565 399 630 aheneae
416 569 489 629 cum
508 565 649 649 geminis
664 566 778 646 pueris
793 566 861 632 lact
847 566 997 634 tentibus
1007 565 1040 647 ¹)
1054 567 1272 647 sepulchrum

132 666 245 732 Accae
269 668 406 733 Larent'
383 675 451 733 trae
461 669 498 751 ²),
521 669 653 735 Numae
676 669 830 751 Pompilii
841 672 922 750 ³),s
925 677 1041 737 tatuae
1070 670 1272 756 legatorum,

132 789 215 850 quos
231 772 318 836 Lars
331 771 527 837 Tolumnius
539 771 701 837 Fidenis'
692 773 792 840 iussit
808 772 963 858 necari⁴),
977 774 1095 841 foedus
1108 774 1184 840 Lat'
1162 781 1271 842 ιιιιιιιι

131 893 153 939 a
176 872 295 941 Cassio
318 874 482 941 Vicellino
505 875 677 955 factumi)

169 1003 170 1007 ¹
217 979 263 1044 ut
285 978 325 1045 de
348 979 400 1045 his
424 979 565 1060 quidem
581 980 763 1061 hucusque.

595 1191 801 1198 -—.-...—.

571 1324 725 1407 *Oaput
751 1327 797 1392 Il.

128 1484 217 1565 Quae
231 1488 319 1557 ratio
333 1487 522 1557 intercedat
536 1488 626 1558 inter
638 1487 826 1558 Ciceronem
837 1494 870 1557 ct
885 1489 1059 1558 annalium
1070 1488 1269 1576 scriptores.

218 1636 265 1702 Ut
286 1656 528 1721 cognoscamus
552 1657 639 1719 quae
660 1637 747 1704 ratio
763 1637 952 1704 intercedat
966 1637 1054 1703 inter
1070 1636 1269 1703 Ciceronem

128 1746 163 1805 et
184 1740 357 1807 annalium
391 1741 582 1823 scriptores
616 1748 772 1823 persorut
759 1741 904 1807 labimur
926 1740 1069 1822 primum
1098 1758 1267 1821 quosnam

130 1843 279 1908 nominat
279 1843 369 1909 ima
348 1845 554 1925 attuleritu
532 1849 708 1911 uteorum
732 1845 861 1911 auctori
863 1848 932 1910 tate
958 1843 1083 1925 aliquid
1107 1844 1269 1924 probaret

130 1951 190 2011 aut
213 1947 283 2012 acri
305 1947 428 2014 iudicio
452 1966 567 2015 eorum
591 1968 696 2033 genus
720 1941 887 2015 scribendi
903 1952 1128 2029 percenseret,
1145 1947 1267 2013 deinde

129 2069 214 2131 quos
249 2070 357 2131 neque
392 2051 545 2117 attulerit
579 2071 688 2133 neque
722 2052 756 2117 in
789 2070 886 2136 usum
921 2070 1018 2117 suum
1057 2051 1268 2116 convertisse

130 2153 300 2234 videatur;
333 2160 502 2236 postremo
536 2154 760 2236 disquiramus
796 2173 874 2220 num
907 2173 949 2218 ex
987 2154 1053 2220 alio
1091 2153 1267 2235 scriptore,

129 2258 283 2338 quamvis
307 2258 379 2324 eius
403 2278 522 2324 nomen
545 2278 612 2325 non
636 2257 768 2339 afferat,
791 2257 953 2325 hauserit.

65 2352 105 2434 „l
214 2359 317 2426 Fabii
341 2361 498 2428 Pictoris
527 2362 593 2428 duo
620 2362 811 2447 fragmenta
838 2362 923 2427 libro
945 2363 963 2427 Ι
992 2361 1032 2427 de
1057 2361 1266 2428 divinatione

127 2469 333 2532 ‘conservata
349 2472 436 2532 sunt.
472 2468 524 2532 De
540 2467 605 2532 div.
621 2467 650 2547 I,
663 2473 714 2547 21,
727 2472 769 2531 43
786 2466 898 2550 agitur
913 2464 954 2531 de
971 2466 1098 2532 somnio
1120 2464 1265 2546 quodam

129 2569 269 2635 Aeneae
280 2568 315 2652 ¹),
339 2569 380 2635 de
403 2569 469 2635 div.
493 2571 521 2650 I,
534 2576 585 2651 26,
598 2576 640 2636 55
663 2569 705 2635 de
727 2569 973 2636 instauratione
997 2568 1152 2634 ludorum
1175 2588 1265 2635 anno

130 2692 159 2738 a.
184 2672 261 2738 Chr.
286 2692 315 2738 ιι.
340 2678 413 2738 490.
438 2672 538 2738 iacta.
584 2673 775 2754 Utrumque
803 2672 1027 2757 fragmentum
1051 2672 1169 2738 Oioero
1197 2692 1264 2738 non

129 2776 199 2870 ipsi·
214 2776 331 2857 Fabio,
360 2777 419 2843 scd
448 2777 505 2841 alii
534 2776 699 2858 scriptori,
727 2782 765 2842 ιιι
791 2776 881 2842 inira
908 2776 1105 2856 videbimus,
1130 2775 1266 2842 videtur

130 2879 261 2946 debere.
296 2880 384 2946 Aliis
408 2886 520 2947 autern
545 2900 585 2946 er
607 2880 724 2963 locis¹)
749 2880 869 2961 quibus
892 2879 933 2946 de
950 2899 1072 2964 genere
1097 2879 1264 2946 scribendi

130 3003 151 3050 a
184 2984 291 3050 Fabio
327 2984 475 3052 adhibito
513 2982 685 3066 iudieat8),
716 2984 874 3051 Latinam
905 2989 1036 3050 tanturn
1074 2984 1264 3050 versionem

130 3090 301 3156 annahum
341 3083 416 3155 eum
456 3087 590 3154 novisse
629 3087 740 3174 colligi
777 3092 898 3172 potest.
960 3088 1024 3154 Sed
1063 3089 1147 3154 haec
1180 3089 1265 3155 satis

130 3195 245 3275 multa,
280 3214 354 3260 cum
382 3194 509 3260 Fabius
532 3193 648 3258 Pictor
682 3212 768 3273 quae
797 3198 924 3273 narrat,
953 3192 1124 3259 Ciceronis
1153 3192 1264 3260 animo

130 3299 312 3365 obversata
335 3316 410 3364 esse
434 3296 569 3378 probari
592 3315 658 3362 non
683 3296 798 3378 possit.

217 3469 236 3537 ¹)
253 3469 286 3521 in
305 3469 367 3523 (lat.
384 3468 438 3534 III,
450 3469 490 3522 19.

199 3627 201 3632 λ
215 3555 235 3624 2)
254 3555 300 3609 ad.
319 3557 402 3608 Brut.
416 3555 529 3621 *1,15,8.

178 3662 182 3669 ·
215 3642 236 3711 ³)
255 3642 292 3695 de
310 3639 367 3710 le'g.
385 3641 527 3707 Haase

215 3728 236 3796 ¹)
254 3729 330 3782 Phil.
349 3729 404 3792 IX,
413 3729 438 3793 2,
448 3729 473 3781 4.
486 3744 529 3796 sq.

216 3815 239 3882 5)
256 3831 312 3881 pro
330 3815 425 3868 Balbo
444 3815 537 3879 23,53.

212 3899 238 3968 ¹)
257 3901 424 3955 Numerii
442 3900 529 3954 Fabii
547 3900 675 3953 Pictoris
695 3899 824 3954 Graeci
843 3900 966 3952 annales
984 3900 1165 3963 afferuntur;
1194 3916 1263 3952 eum

130 3986 231 4052 Hertz
194 3987 361 4054 tphilol:
351 3987 436 4040 -klin.
450 3987 645 4055 Streilzugp
659 3987 707 4040 32
713 3986 870 4052 ,Numeri“
873 3986 974 4054 ,quod
993 3985 1066 4054 legit
1066 4002 1112 4050 ur,
1126 3987 1265 4040 emendet

130 4061 176 4127 ιιι
183 4079 266 4140 „nost
267 4075 319 4138 ri“,
339 4075 376 4127 de
396 4075 442 4126 Gu
444 4073 574 4126 tschmid
592 4073 650 4140 (Kl.
670 4071 819 4126 Schriften
837 4072 865 4125 V
867 4071 944 4140 pla)
966 4072 1057 4139 plane
1076 4073 1162 4137 delet,
1181 4073 1263 4169 quod

130 4160 233 4215 sitlitt
222 4165 285 4214 tera
305 4162 357 4225 „n“
376 4159 517 4212 vocabuli
537 4159 600 4224 „in“
618 4157 668 4210 bis
687 4174 704 4210 a
721 4157 856 4210 hbrariis
875 4158 993 4224 scripta.
1139 4164 1141 4171 '

217 4245 238 4303 7ι
256 4247 309 4299 cfr.
328 4246 365 4298 do
385 4243 635 4299 Gutschmidls
637 4244 708 4296 ..all
727 4243 764 4308 V,
773 4242 832 4296 513.

217 4330 293 4398 8)ιιιι
312 4334 383 4382 orat.
402 4330 547 4394 lamam
567 4329 605 4381 do
622 4329 679 4393 leg.
698 4329 720 4392 I,
730 4329 755 4383 2.
766 4329 791 4380 6.
