2946 5016
621 305 835 367 „25-

164 513 183 560 a
214 512 252 560 re
286 492 460 576 proposita
492 529 549 538 —-*
569 491 704 574 scripsit
734 492 821 558 enim
844 491 885 557 de
908 490 995 556 bello
1018 491 1063 556 Π.
1087 489 1230 556 Punico!
1253 525 1296 534 —

164 596 286 664 afferre
310 616 376 663 non
398 595 517 679 potuit.
556 595 673 662 Cicero
701 601 812 662 autem
847 594 897 661 bis
931 594 973 660 de
996 594 1062 660 div.
1085 595 1113 674 Ι,
1126 599 1178 674 26,
1191 599 1232 658 55
1246 612 1294 674 sq.

163 700 313 768 Coelium
337 705 507 767 auctorem
531 700 689 766 nominat.
723 701 844 781 Itaque
864 713 1002 781 prorsus
1025 718 1092 764 non
1115 697 1296 764 verisimile

163 809 213 872 est
237 824 280 870 ex
301 803 400 870 Bruti
423 803 565 885 epitome
589 823 663 870 eam
686 803 844 869 duxisse„
879 802 1019 885 Quodsi,
1054 806 1091 868 ut
1115 805 1298 884 exponeret

162 907 327 974 rationem
364 905 590 987 divinationis,
625 906 787 973 Claudius
821 907 968 973 Pulcher
1005 905 1202 972 contulisset
1238 905 1297 970 illa

163 1011 317 1093 exempla
333 1010 504 1090 Coeliana,
526 1011 627 1093 plane
651 1011 900 1092 explicarentur
923 1029 973 1090 ea,
997 1009 1031 1075 in
1056 1009 1174 1090 quibus
1190 1007 1295 1074 offen·

164 1115 282 1182 dimus.
327 1115 415 1180 Nam
448 1134 523 1180 oum
557 1114 732 1198 permagni
767 1114 840 1181 eius
873 1113 1054 1180 interesset
1078 1112 1208 1179 somnia
1229 1112 1299 1192 illa,

163 1218 327 1304 prodigia,
361 1217 473 1284 omina
507 1224 665 1284 accurate
699 1217 905 1298 exscribere,
944 1218 1132 1299 scripturae
1166 1235 1299 1298 quoque

165 1341 271 1409 genus
295 1342 369 1388 eum
392 1332 541 1388 mutasse
565 1341 631 1387 non
655 1321 835 1388 verisimile
859 1327 918 1388 est.
952 1321 1085 1387 Deinde
1108 1340 1150 1386 ex
1166 1320 1299 1387 Cicero·

165 1426 214 1492 nis
238 1425 347 1508 ipsius
370 1425 483 1491 verbis
505 1426 601 1491 Brut.
617 1430 743 1505 tuadi
778 1425 927 1508 colligas,
962 1444 1037 1491 cum
1064 1424 1149 1490 benc
1171 1423 1300 1506 peritus

165 1528 328 1596 Claudius
363 1528 575 1609 antiquitatis
597 1527 772 1596 Romanae
806 1527 974 1609 laudetur,
1009 1528 1191 1610 scriptores
1224 1527 1300 1594 illos

166 1632 323 1714 antiquos
357 1651 432 1698 eum
466 1631 611 1711 novisse,
647 1651 730 1712 quos
755 1630 873 1697 Cicero
896 1630 1146 1698 reformidabat.
1192 1633 1300 1698 Porro

166 1736 254 1818 quod
279 1735 400 1802 attinet
424 1735 466 1801 ad
482 1735 624 1801 Fabium
640 1735 807 1802 Pictorem
825 1734 942 1802 Cicero
966 1741 1130 1817 utsupra
1157 1735 1300 1802 vidimus

164 1840 196 1906 in
213 1839 312 1906 Fabii
327 1839 485 1904 Latinam
508 1823 739 1905 tantummodo
763 1840 952 1906 versionem
979 1839 1140 1906 incidisse
1158 1838 1300 1904 videtur.

166 1944 241 2009 Hoc
264 1947 376 2009 autem
400 1942 474 2009 loco
498 1942 646 2010 Graeci
670 1943 811 2010 annales
827 1942 924 2009 Fabii
940 1942 1085 2009 Pictoris
1113 1942 1301 2008 afferuntur

165 2046 204 2130 (1,
217 2043 349 2128 unm).

250 2151 434 2216 Multorum
457 2169 538 2215 vero
563 2150 788 2231 exemplorum
812 2150 868 2231 qui
892 2150 959 2216 sint
982 2149 1091 2216 fontes
1114 2169 1180 2215 non
1195 2153 1299 2231 patet.

166 2253 331 2336 Equidem
364 2271 475 2335 pauca
507 2258 638 2319 tantum
674 2254 949 2334 commemorabo,
985 2274 1072 2336 quae
1095 2253 1198 2338 digna
1221 2259 1301 2319 sunt

166 2376 253 2439 quae
286 2356 516 2439 proferantur:
550 2357 658 2423 Bardt
671 2359 706 2438 ¹),
740 2357 797 2439 qui
832 2377 919 2439 quae
943 2357 984 2423 de
1007 2357 1092 2424 Atto
1115 2357 1226 2423 Navio
1248 2377 1300 2423 re-

165 2462 320 2528 feruntur
352 2460 564 2543 perquisivit,
598 2461 744 2528 omnium
778 2463 978 2544 scriptorum
1013 2462 1070 2543 qui
1107 2463 1194 2527 hanc
1231 2480 1301 2527 rem

166 2569 359 2652 tractarunt
381 2565 646 2632 vetustissimum
670 2566 789 2632 statuit
811 2566 916 2633 fuisse
940 2585 1026 2646 eum,
1061 2585 1160 2647 quem
1183 2564 1302 2632 Cicero

166 2670 324 2736 hocloco
349 2668 521 2752 (1‚17‚31)
555 2674 693 2736 secutus
728 2673 789 2736 est.
835 2671 953 2750 Porro,
988 2670 1163 2736 historiam
1187 2670 1228 2736 de
1251 2670 1301 2736 Ti.

167 2773 315 2842 Gracchi
327 2780 433 2839 morte
445 2771 486 2838 de
503 2772 568 2838 dir.
586 2775 613 2853 Ι,
627 2779 678 2854 18,
691 2779 732 2838 36
749 2794 791 2839 ex
806 2773 932 2854 scripto
945 2773 1090 2854 quodam
1103 2773 1139 2839 O.
1153 2773 1302 2840 Gracchi

167 2879 208 2946 ad
230 2880 277 2944 M.
301 2877 522 2960 Pomponium
546 2895 620 2943 csse
652 2877 882 2959 depromptam
904 2879 1043 2952 Peter2)
1067 2877 1195 2943 statuit.
1232 2879 1301 2942 De·

167 2983 278 3063 nique,
302 3000 377 3048 cum
401 2980 476 3047 aliis
498 2981 580 3047 locis
590 2981 615 3063 ³)
639 2981 768 3047 Tullius
790 2981 905 3047 tradat
927 2982 983 3047 ΠΙ
999 2981 1132 3062 Decios,
1153 2981 1302 3062 fratrem,

166 3085 280 3165 filium,
314 3087 468 3166 nepotem
498 3104 559 3166 pro
582 3085 696 3166 patria
719 3103 792 3150 esse
816 3091 976 3165 mortuos,
1000 3085 1041 3151 de
1065 3084 1130 3151 dir.
1155 3086 1183 3166 1,
1195 3090 1248 3165 24,
1260 3090 1300 3150 51

167 3189 206 3256 de
230 3187 362 3270 nepotis
378 3193 483 3254 morte
501 3191 600 3254 tacet.
636 3187 735 3254 Unde
752 3189 913 3269 sequitur,
930 3189 964 3253 ni
980 3188 1088 3269 fallor,
1107 3187 1302 3256 Ciceronem

166 3293 297 3373 librum,
314 3328 317 3332 ·
332 3311 431 3373 quem
463 3292 498 3357 in
531 3297 689 3374 promptu
710 3292 849 3372 ,habuit
881 3298 1040 3359 accurate
1063 3292 1221 3359 hocloco
1246 3311 1301 3358 ex·

167 3396 355 3480 scripsisse.
400 3396 445 3461 Et
468 3395 509 3461 de
532 3396 585 3462 his
609 3395 742 3477 quidem
766 3397 940 3463 hactenus.

251 3499 352 3568 Certe
375 3499 506 3566 ratione
531 3499 676 3581 quadam
699 3500 788 3566 inter
811 3519 846 3566 se
871 3500 1038 3566 coniuncti
1061 3507 1139 3567 sunt
1162 3501 1238 3566 libri
1261 3500 1322 3588 de¹

169 3604 233 3671 div.
251 3608 287 3670 et
309 3602 350 3670 dc
367 3606 436 3670 nat.
453 3602 543 3672 deor.
579 3603 682 3670 Cuius
699 3605 748 3670 rei
764 3603 893 3671 Tullius
909 3624 971 3686 per
986 3604 1147 3687 Quintum
1164 3604 1302 3670 tratrem

168 3706 238 3792 ipse
274 3707 376 3775 infert
398 3709 610 3789 mentionem,
645 3728 719 3775 cum
755 3708 846 3775 dicat
871 3708 920 3774 de
951 3708 1017 3774 div.
1040 3709 1069 3789 I,
1082 3714 1159 3789 5,e:
1185 3707 1303 3791 „Quod

170 3811 445 3896 praetermissum
480 3817 531 3879 est
557 3813 592 3877 in
614 3812 680 3878 iilis
703 3812 798 3879 libris
822 3815 881 3894 (so.
906 3811 947 3877 de
970 3818 1040 3878 nat.
1065 3807 1179 3896 deor),
1203 3811 1303 3879 credo
1390 3910 1392 3916 Ι

254 3983 277 4054 ¹)
294 3983 436 4051 Legende
454 4000 482 4036 v.
501 3985 609 4051 Augur
628 3985 717 4038 Attus
734 3986 808 4037 Nav.
828 3984 951 4053 (Elberf.
970 3982 1045 4051 1883)
1064 3999 1092 4049 p.
1102 3982 1126 4036 7.

252 4069 277 4140 ²)
295 4069 364 4123 hist
381 4071 446 4123 rell.
465 4086 493 4136 p.
507 4072 563 4124 116.
595 4072 646 4123 cir.
667 4072 704 4124 de
724 4071 783 4124 div.
802 4071 931 4135 1,18,3e:
951 4074 984 4122 ut
997 4070 1027 4123 Ο.
1042 4069 1203 4133 Gracchus
1222 4068 1303 4121 fliius

172 4173 241 4225 ⁰1¹1&
252 4173 342 4302 ³303?
342 4159 407 4296 tiilrltx.1
422 4158 567 4308 ἷΙῗΙῖἓῖλέιῖῒῑῑ
586 4245 673 4295 Tuse.
694 4243 715 4307 Ι,
726 4242 767 4307 37,
777 4244 818 4294 ab.
