2946 5016
717 885 940 986 Vita.

348 1154 524 1221 lohannes
558 1154 776 1222 Hermannus
810 1155 971 1238 Zingler
1005 1157 1105 1221 natus
1139 1173 1213 1220 sum
1245 1153 1399 1221 Beroliui

263 1276 293 1324 a.
318 1257 348 1323 d.
373 1258 441 1324 VH
462 1258 542 1325 Kal.
567 1257 657 1340 Sept.
675 1279 704 1325 a.
720 1259 752 1324 h.
769 1277 794 1325 s,
818 1258 952 1324 LXXV·
972 1262 1068 1339 patre
1084 1257 1271 1340 liudolpho,
1288 1261 1398 1324 matre

262 1361 425 1428 Mathilde
449 1381 467 1427 e
491 1366 590 1446 geute
605 1362 749 1448 Belling,
765 1381 850 1443 quos
873 1368 1032 1443 parentes
1049 1364 1266 1442 praematura
1289 1365 1398 1428 morte

214 1522 218 1530 .
262 1465 342 1530 mihi
375 1469 508 1546 ereptos
543 1485 619 1533 esse
649 1465 750 1533 valde
777 1464 873 1532 doleo
902 1469 936 1531 et
963 1484 1095 1548 semper
1122 1464 1249 1532 dolebo.
1300 1464 1398 1532 Fidei

262 1568 416 1635 addictus
439 1588 513 1649 sum
536 1570 764 1655 evangelicae.

347 1672 544 1739 PrImordiIs
559 1673 748 1741 litterarum
763 1673 910 1741 imbutus
927 1673 1118 1740 Dessaviae‘
1135 1673 1169 1739 iu
1186 1669 1412 1759 gymnasium

263 1775 530 1844 Fridericianum
564 1797 594 1843 a.
611 1777 642 1843 h.
660 1796 686 1844 s.
704 1778 899 1858 LXXXVI,
934 1796 1022 1851 anuo
1056 1781 1216 1858 sequente
1245 1776 1398 1843 Berolim

260 1880 295 1945 in
319 1881 528 1964 gymnasium
544 1881 765 1962 Ascaniense,
787 1881 875 1962 quod
899 1881 1008 1947 adhuc
1030 1882 1127 1948 floret
1149 1881 1211 1948 sub
1235 1879 1397 1962 auspiciis

261 1984 467 2051 Woldemari
486 1985 648 2052 Ribbecki
672 2005 701 2052 v.
719 1985 761 2066 d,
784 1988 940 2066 receptus
964 2005 1046 2051 sum.
1084 1984 1167 2050 Inde
1191 1983 1398 2051 maturitatis

261 2088 452 2154 testimonio
479 2093 557 2171 post
583 2090 670 2156 VIII
698 2109 804 2157 annos
833 2089 962 2156 faustos
996 2088 1177 2170 felicesque
1210 2088 1397 2154 instructus

263 2211 342 2258 vere
366 2211 396 2258 a.
420 2192 451 2257 h.
476 2210 501 2259 s.
525 2192 722 2258 LXXXXV
753 2192 1009 2258 universitatem
1035 2191 1290 2258 Berolinensem
1319 2190 1399 2272 adii,

261 2299 299 2360 ut
331 2295 500 2362 historicis
535 2299 568 2361 et
596 2295 804 2381 philologieis
833 2295 953 2362 studiis
976 2296 1029 2361 IX
1052 2314 1112 2376 per
1139 2295 1316 2362 semestria
1344 2314 1397 2361 me

261 2397 427 2465 dederam.

346 2504 544 2569 Docuerunt
577 2521 629 2568 me
664 2502 726 2568 viri
760 2502 959 2570 doctissimi:
995 2501 1131 2570 Curtius
1153 2503 1184 2586 †,
1213 2502 1399 2584 Delbrilclr,

262 2606 367 2687 Diels
396 2605 577 2687 Gennrich,
605 2607 779 2687 Harnack,
808 2606 1012 2688 Hirschfeld,
1045 2607 1228 2691 Hoeuiger,
1255 2607 1400 2688 Hllbler,

260 2709 367 2791 Kahl,
401 2710 536 2777 Kekule
570 2709 610 2776 de
648 2708 855 2791 Stradonitn,
888 2710 1033 2791 thler,
1067 2709 1212 2801 Kilbler,
1250 2709 1400 2791 Lasson,

264 2813 454 2895 Lehmann,
491 2815 598 2895 Lena,
633 2813 838 2900 Liesegang,
871 2815 1010 2896 Mlinch,
1045 2813 1199 2895 Ouoken,
1233 2814 1402 2895 Paulsen,

265 2915 620 2998 Scheffer-Boichorst,
634 2916 845 2998 Schiemann,
857 2918 896 2984 u.
905 2916 1064 2998 Schmidt,
1077 2916 1270 2998 Schmoller,
1283 2916 1400 2984 Stern-

264 3019 341 3101 feld,
377 3019 519 3102 Stumpf,
553 3021 679 3101 lhiele,
714 3020 754 3086 de
782 3021 978 3087 Treitschke
1006 3020 1037 3104 †,
1065 3021 1207 3101 Vahlen,
1237 3021 1400 3106 Wagner,

264 3123 490 3190 Watteubach
505 3123 536 3207 t,
553 3122 594 3189 de
610 3124 844 3205 Weuckstern,
858 3125 898 3191 de
914 3123 1401 3193 Wilamowitzhloellendorif.

350 3227 657 3294 Exercitationibus
670 3226 813 3311 benigne
826 3227 952 3295 aditum
965 3228 1043 3294 mihi
1055 3228 1285 3310 praebuerunt
1293 3228 1412 3311 Diels,¹

264 3331 395 3398 deler
416 3331 634 3417 philologieis,
658 3331 860 3412 Hirschfeld,
876 3332 1015 3413 thler,
1030 3332 1216 3413 Lehmann,
1233 3331 1401 3400 Scheffer·
1441 3360 1445 3367 ·

263 3435 445 3503 Boichorst
467 3435 644 3516 historicis,
668 3435 893 3502 Wattenbach
916 3436 1216 3522 palaeographicis.

283 3587 285 3592 ,
352 3539 444 3622 Quos
471 3558 585 3605 omnes
609 3538 699 3605 viros
722 3538 844 3620 optime
867 3538 908 3604 de
932 3558 984 3604 me
999 3539 1137 3606 meritos
1153 3543 1250 3624 grato
1267 3557 1403 3622 semper

265 3645 372 3710 colam
411 3643 537 3723 animo,
574 3642 735 3724 imprimis
773 3641 951 3722 Dtelsium,
989 3642 1190 3722 Kohlerum,
1229 3640 1401 3710 Schelfer·

264 3747 521 3816 Boiohorstium.

350 3851 517 3918 Maximus
551 3868 636 3916 vero
660 3850 789 3936 gratias
817 3848 1054 3929 Hirschfeldio,
1079 3869 1143 3931 quo
1172 3853 1310 3917 auctore
1338 3849 1403 3917 has

266 3955 451 4022 studiorum
474 3953 639 4036 primitias
656 3954 799 4034 suscepi,
816 3958 850 4019 et
872 3972 961 4020 nuuc
977 3972 1041 4038 ago
1058 3973 1099 4020 ex
1115 3954 1216 4021 animi
1232 3953 1404 4020 sententia

266 4064 299 4125 et
322 4078 454 4141 semper
476 4058 617 4126 habebo.

420 4365 494 4422 'lypis
509 4367 628 4422 expresslt
642 4366 666 4409 G.
681 4365 809 4418 Salewslrl,
823 4364 937 4420 Berollni,
951 4366 1016 4410 Neue
1029 4364 1197 4410 Frlcdrlohstr.
1210 4364 1243 4409 m
