2946 5016
632 446 846 505 ...29-

170 649 277 698 eausa
308 630 457 712 plebeios
493 650 513 696 a
546 630 698 713 patriciis
733 629 932 696 dissensisse
967 634 1057 695 certe
1086 648 1152 694 non
1180 628 1305 695 Antias

168 735 296 816 primus
330 735 546 818 excogItavit
570 733 629 799 sed
664 734 843 816 pertinet
875 732 914 798 id
949 732 997 798 ad
1032 733 1305 798 narrationem

169 838 385 904 annalibus
410 838 589 903 omnibus
613 856 855 903 communem
871 842 905 902 et
920 841 1091 903 vetustam
1108 890 1114 902 .
1129 888 1136 902 .
1151 889 1157 901 .
1175 835 1306 901 aceedit

170 940 377 1009 Ciceronis
411 943 685 1007 testimonium
720 940 777 1023 (sc.
813 940 854 1006 de
888 960 924 1006 re
958 961 989 1022 p.
1012 936 1196 1024 Haase)
1230 959 1305 1006 cum

169 1046 279 1130 elogio
306 1045 366 1128 (se.
390 1047 436 1112 Μ’
459 1046 587 1111 Valerii
612 1045 648 1112 C.
671 1047 704 1111 J.
728 1047 766 1111 L.
790 1046 809 1110 Ι
832 1044 883 1110 ed.
907 1051 927 1110 2
949 1064 981 1125 p.
1006 1044 1081 1126 189)
1105 1044 1305 1126 conspirans

169 1169 232 1215 nee
254 1149 354 1215 facile
378 1148 421 1215 ad
444 1149 619 1215 Antiatem
642 1148 886 1215 referendum.“
1195 1157 1198 1163 “

255 1252 309 1319 Ac
331 1271 453 1334 reapse
477 1252 594 1319 Cicero
618 1253 659 1318 de
683 1272 719 1318 re
742 1273 773 1334 p.
791 1253 957 1332 11‚33‚5e
980 1250 1072 1316 dicit:
1097 1269 1195 1331 „nam
1220 1270 1305 1318 enm

170 1362 283 1422 esset
305 1375 352 1422 ex
376 1375 467 1422 aere
498 1356 629 1422 alieno
658 1358 853 1422 commota
876 1354 997 1420 civitas
1019 1353 1113 1435 plebs
1137 1359 1305 1420 montem

170 1478 328 1525 sacrum
362 1461 489 1541 prius
514 1459 658 1526 deinde
681 1459 926 1525 Aventinum
953 1458 1162 1538 occupavit.“
1208 1457 1305 1540 Quae

168 1569 282 1629 tamen
307 1563 412 1629 verba
436 1582 502 1629 non
518 1564 597 1629 licet
613 1582 805 1648 urgeamus,
822 1582 895 1628 eum
913 1562 1014 1627 etiam
1031 1561 1121 1627 aliud
1137 1561 1305 1642 quoddam

168 1668 340 1753 singulare
363 1657 725 1749 praebeant-„plebem
748 1671 893 1733 montem
914 1685 1047 1732 sacrum
1064 1666 1169 1748 prius,
1185 1664 1305 1730 deinde

169 1771 379 1838 Aventinum
407 1791 601 1854 occupasse.
646 1773 735 1838 Nam
763 1771 987 1838 secessionem
1019 1770 1127 1852 plebis
1148 1769 1304 1851 ,primam

169 1878 208 1940 ut
231 1874 334 1941 ceteri
358 1875 537 1956 scriptores
559 1876 684 1942 Pisone
708 1880 847 1956 excepto
870 1874 909 1939 in
937 1878 1105 1939 montem
1133 1892 1305 1952 sacrum,

168 1978 217 2044 ita
240 1978 357 2045 Cicero
392 1985 426 2045 et
449 1979 667 2060 Sallustius¹)
702 1979 765 2045 soli
800 1978 838 2043 in
873 1983 1041 2043 montem
1078 1996 1232 2043 sacrum
1267 1982 1306 2041 et

168 2083 414 2149 Aventinum
438 2083 563 2150 factam
587 2103 662 2149 esse
685 2087 834 2148 narrant.
873 2084 945 2148 Nec
969 2082 1049 2161 scie,
1072 2080 1105 2145 id
1130 2081 1305 2161 quodiam

168 2185 368 2271 Muenzer2)
403 2188 554 2268 coniecit,
590 2207 633 2253 an
658 2186 840 2253 Sallustius
875 2187 939 2251 hac
972 2186 1007 2251 in
1034 2204 1071 2249 re
1100 2204 1120 2249 a
1145 2183 1305 2250 Cicerone

167 2290 325 2371 pendeat.
382 2291 462 2356 Piso
498 2295 609 2356 autem
645 2291 737 2356 solus
771 2290 803 2354 in
840 2289 1048 2355 Aventinum
1082 2288 1305 2354 secessionem

168 2393 293 2460 laetam
318 2414 392 2460 esse
416 2394 597 2473 tradidit-³)
635 2395 686 2459 ‘Et
710 2393 932 2478 colligendum
947 2397 1037 2459 esset
1053 2391 1247 2458 Ciceronem
1265 2411 1305 2456 ex

171 2497 212 2564 iis
236 2518 323 2580 quae
348 2500 449 2584 vulgo
478 2497 703 2564 credebantur
730 2503 764 2562 et
792 2516 878 2578 quae
901 2497 981 2563 Piso
1010 2496 1159 2576 tradidit,
1183 2514 1306 2561 novam

170 2603 398 2667 narrationem
415 2601 652 2681 conformasse,
669 2602 698 2667 si
712 2600 856 2666 evictum
872 2605 962 2666 esset
974 2601 1132 2666 Pisonem
1148 2618 1307 2680 umquam

169 2725 190 2772 a
213 2705 374 2772 Cicerone
409 2725 482 2772 esse
514 2706 711 2788 excriptum.
758 2703 931 2786 Quomodo
956 2710 1068 2769 autem
1092 2722 1179 2784 quae
1202 2703 1306 2768 refert

168 2809 299 2875 Tullius
334 2810 402 2875 sint
436 2810 647 2889 conturbata,
681 2808 779 2873 facile
816 2812 868 2873 est
900 2806 1083 2872 intellectu.
1130 2807 1307 2890 Leguntur

167 2912 256 2978 enim
279 2912 319 2978 de
347 2933 384 2978 re
407 2933 438 2994 p.
462 2913 507 2993 ΙΙ,
521 2918 572 2994 37,
585 2918 637 2993 63,
661 2931 737 2993 .quo
765 2912 838 2978 loco
873 2910 913 2975 de
948 2910 1139 2977 secessione
1174 2911 1306 2976 altera

168 3016 389 3096 verbalium,
413 3016 512 3082 haee:
538 3067 565 3097 „.
591 3069 597 3082 .
624 3068 630 3081 .
654 3015 776 3081 milites
800 3015 922 3079 bellum
946 3012 1038 3094 illud,
1063 3012 1149 3094 quod
1175 3018 1248 3078 erat
1270 3013 1305 3078 in

170 3119 333 3199 manibus
357 3119 536 3200 reliquisse
560 3124 593 3185 et
616 3118 759 3200 primum
793 3122 961 3184 montem
995 3135 1167 3197 sacrum,
1201 3116 1307 3183 sieut

167 3227 255 3288 erat
277 3223 316 3287 in
341 3223 464 3288 simili
492 3241 617 3289 causa
646 3229 740 3288 ante
767 3221 933 3302 factum,
969 3220 1111 3287 deinde
1135 3221 1305 3286 Aventi-

167 3346 255 3392 num
279 3325 441 3409 admotos
463 3324 710 3410 insedisse).“⁴)

259 3517 276 3582 ¹)
295 3516 406 3568 Histor.
425 3516 493 3582 frgt.
512 3515 561 3579 I‚8
581 3515 625 3567 ed.
646 3515 783 3568 Gerlach.
820 3515 931 3566 Histor.
946 3515 1013 3580 frgt.
1027 3516 1050 3579 Ι,
1061 3515 1092 3567 11
1107 3515 1152 3567 ed.
1165 3515 1305 3567 Mauren-

168 3603 308 3664 brecher.
494 3602 515 3670 ²)
534 3603 571 3654 de
590 3606 678 3668 gente
697 3602 762 3654 Val.
781 3618 810 3667 p.
829 3601 870 3654 22.
1052 3601 1072 3669 ³)
1090 3602 1155 3654 Liv.
1174 3601 1211 3665 ΙΙ,
1230 3601 1272 3665 32,
1282 3601 1306 3653 3.

253 3689 275 3757 ⁴)
293 3691 456 3742 Muenzero
470 3689 609 3741 assentiri
623 3704 740 3755 nequeo
755 3703 824 3740 oum
837 3688 916 3740 dicat
928 3689 947 3740 l.
959 3703 980 3742 e.
992 3689 1039 3741 all.
1048 3705 1078 3755 p.
1087 3687 1119 3741 21
1136 3687 1306 3754 „Ciceronis

167 3777 227 3830 duo
247 3776 292 3828 illi
310 3777 376 3839 loci,
397 3776 508 3842 quibus
528 3776 565 3828 de
584 3776 598 3826 I
617 3774 786 3827 secessione
805 3773 911 3842 agitur,
931 3791 969 3827 ex
982 3775 1101 3826 Antiate
1114 3775 1304 3826 manarunt“:

167 3864 227 3928 Qui
255 3867 325 3915 sunt
342 3863 395 3925 ΙΠ,
423 3867 456 3915 ut
482 3863 541 3915 iam
568 3862 714 3925 vidimus3
741 3861 842 3914 locum
869 3877 940 3915 sane
965 3859 1177 3913 Cornelianum
1205 3857 1306 3911 omisit

166 3951 322 4003 Muenzer.
349 3948 408 4002 Sed
428 3950 454 4002 si
472 3966 505 4002 re
525 3965 596 4002 vera
615 3964 653 4001 ex
672 3949 793 4000 Antiate
806 3951 986 4012 manassent,
1004 3962 1066 4000 non
1078 3946 1167 3999 modo
1181 3945 1218 3998 de
1231 3960 1264 3998 ra
1276 3961 1304 4010 p.

167 4038 197 4090 Π
208 4038 249 4100 33,
260 4037 301 4101 58,
314 4036 368 4088 sed
381 4038 469 4089 etiam
481 4037 564 4089 Brut.
576 4035 617 4100 14,
627 4036 660 4087 54
674 4039 822 4100 „montem
835 4049 955 4087 sacrum
968 4036 996 4086 et
1008 4033 1210 4085 Aventinum“
1226 4032 1304 4098 lege·

166 4138 282 4186 ramum
295 4138 386 4189 porro
398 4123 430 4175 in
445 4138 479 4174 eo
494 4123 620 4185 offendo,
634 4120 716 4187 quod
728 4136 828 4188 neque
841 4119 1007 4186 Dionysius
1019 4118 1171 4172 Antiatem
1183 4123 1304 4172 secutus

163 4209 355 4278 potissimum
374 4225 473 4276 neque
492 4208 623 4274 elogium
641 4206 690 4260 Μ’.
706 4207 822 4260 Valerii
841 4207 881 4273 (C.
892 4207 918 4259 J.
929 4205 987 4259 L.I
1006 4205 1078 4258 ed.2
1096 4222 1125 4272 p.
1137 4205 1204 4274 189),
1224 4205 1305 4272 quod

164 4313 202 4350 ex
220 4295 351 4348 Antiatis
377 4295 466 4347 libris
494 4294 620 4346 fluxisse
645 4293 820 4346 Hirschfeld
847 4293 866 4345 l.
877 4307 899 4345 e.
911 4292 958 4344 all.
985 4291 1132 4357 probavit,
1159 4288 1305 4345 Aventini

162 4382 350 4436 mentionem
372 4382 494 4434 faciunt.
