2946 5016
624 461 839 520 ...19-

162 643 206 708 de
230 643 408 710 verborum
432 644 636 725 proprietate
660 642 845 728 singularia
868 643 964 710 nobis
984 650 1189 712 conservata
1212 649 1301 728 sunt,

164 767 206 813 ex
230 747 322 814 libris
346 767 512 833 augurum
529 747 738 829 quorundam
753 746 798 813 ad
814 767 913 814 usum
930 747 1149 816 domesticum
1166 749 1300 830 seriptis

164 851 292 917 collata
314 855 402 918 sunt.
417 848 440 935 ¹)
484 850 656 918 Ciceronis
685 855 798 918 autem
825 852 1032 933 temporibus·
1064 853 1303 936 gravissimum

165 959 353 1040 certamen⁸
372 960 480 1021 ortum
516 974 590 1022 esse
619 955 659 1021 de
688 955 842 1022 doctrina
866 957 1021 1041 augurah
1044 956 1133 1022 inter
1157 975 1303 1041 augures

166 1059 231 1138 hp.
262 1057 439 1126 Claudium
474 1059 690 1141 Pulchrum2)
725 1063 758 1125 et
792 1057 828 1125 C.
858 1057 1036 1126 Claudium
1070 1062 1268 1127 Marcellum
1278 1057 1304 1144 ³)

166 1162 302 1228 seimus.
358 1163 412 1228 Ac
449 1160 612 1229 Claudius
648 1163 796 1228 Pulcher
832 1161 966 1243 quidem
1005 1165 1186 1249 augurales
1224 1183 1304 1230 suos

167 1265 281 1346 libros,
299 1267 351 1331 vel
375 1265 484 1331 dicam
508 1265 640 1347 librum,
656 1284 723 1346 quo
738 1265 948 1346 probandum
965 1267 1111 1348 suscepit
1128 1266 1304 1348 disciplina

168 1369 325 1453 augurali
340 1387 477 1435 revera
492 1369 641 1453 intellegi
657 1388 757 1450 posse
773 1368 853 1450 quid
870 1375 961 1436 esset
974 1369 1134 1452 futurum,
1151 1369 1303 1437 Ciceroni

168 1472 347 1539 dedicavit.
393 1474 512 1554 Neque
545 1473 579 1539 id
613 1474 747 1552 mirum,
775 1492 852 1538 nam
881 1473 944 1540 etsi
973 1472 1134 1540 Claudius
1158 1475 1306 1540 Pulcher

169 1582 245 1643 erat
268 1576 373 1643 irater
394 1576 484 1643 illius
509 1576 627 1655 Clodii,
651 1595 717 1657 quo
744 1595 841 1642 nemo
866 1576 1019 1643 Ciceroni
1047 1583 1122 1643 erat
1143 1576 1304 1657 infestior,

169 1689 283 1747 tauren
306 1680 395 1746 inter
416 1681 505 1746 hunc
521 1681 705 1746 Pulchrum
721 1684 755 1746 et
771 1679 965 1747 Ciceronem
984 1680 1119 1761 aliquod
1135 1682 1305 1746 vinculum

168 1783 408 1850 familiaritatis
443 1783 548 1850 luisse
583 1787 726 1850 constat.
779 1782 818 1849 ld
853 1783 940 1863 quod
975 1783 1041 1849 iam
1079 1804 1119 1851 ex
1153 1784 1305 1867 epistulis

170 1889 290 1968 elucet,
304 1886 462 1968 quoniam
475 1887 560 1952 libro
572 1888 629 1952 ΙΙΙ
640 1885 812 1953 Ciceronis
826 1887 1046 1968 epistularum
1063 1887 1104 1953 ad
1122 1886 1306 1953 familiares

171 1991 372 2072 scriptarum
388 1990 435 2055 nil
452 1989 518 2057 nisi
534 1990 699 2072 epistulae
713 1989 756 2055 ad
769 1988 946 2056 Claudium
959 1991 1142 2057 Pulchrum
1159 1991 1306 2072 scriptae

170 2094 394 2161 continentur.
427 2093 558 2176 Quibus
572 2114 613 2159 ex
626 2094 778 2176 epistulis
791 2094 1025 2179 cognoscimus
1039 2114 1127 2160 enno
1140 2113 1169 2159 a.
1184 2092 1260 2160 Chr.
1274 2113 1306 2160 n.

170 2205 222 2265 51.
254 2196 373 2264 librum
407 2198 548 2278 primum
582 2196 673 2263 illius
702 2198 812 2279 operis
837 2196 989 2264 Ciceroni
1018 2198 1155 2264 missum
1180 2200 1307 2277 esse⁴);

171 2301 232 2368 sed
256 2301 368 2367 nescio
392 2319 436 2366 an
459 2300 591 2380 reliqua
613 2319 693 2381 pars
717 2319 899 2380 numquam
922 2301 1046 2382 scripta
1072 2301 1124 2380 sit,
1148 2300 1306 2381 quoniam

171 2405 302 2472 Tullius
340 2424 406 2470 non
444 2405 547 2470 semel
584 2404 782 2483 Pulchrum,
825 2408 863 2469 ut
899 2404 1064 2484 promissa
1101 2408 1307 2486 praestaret,

171 2509 310 2576 monuit.
321 2508 347 2591 ⁵)
394 2508 506 2590 Quare
531 2527 570 2572 ex
595 2508 689 2574 Festi
712 2506 824 2573 verbis
847 2527 878 2588 p.
903 2511 966 2572 298
995 2509 1080 2588 „Ap
1105 2507 1251 2573 Pulcher
1273 2507 1306 2571 in

172 2613 347 2696 auguralis
371 2612 568 2694 disciplinae
592 2611 646 2676 lib.
670 2610 719 2676 I.“
744 2611 802 2677 rix
825 2610 963 2695 colliges
991 2612 1180 2692 complures
1204 2609 1308 2676 libros

172 2718 275 2782 Festo
298 2715 401 2781 fuisse
424 2715 458 2780 in
475 2714 637 2782 manibus.
672 2713 739 2782 Sed
755 2733 830 2780 oum
846 2714 979 2780 firmare
996 2714 1149 2780 studeret
1162 2714 1310 2780 Pulcher

173 2856 376 2863 ψ*-

262 2922 282 2989 1)
299 2923 406 2988 Neque
433 2921 518 2974 aliter
544 2935 593 2973 res
621 2935 653 2973 se
680 2919 771 2973 habet
796 2919 829 2972 in
855 2918 942 2972 libris
970 2919 1130 2985 sibyllinis,
1158 2924 1191 2971 ut
1218 2919 1310 2985 Diels,

175 3009 276 3074 sibyll.
295 3008 424 3060 Blaetter
443 3023 471 3073 p.
491 3006 594 3060 15-20
612 3006 760 3073 exposuit.

263 3094 284 3162 ²)
304 3109 385 3147 cons.
404 3109 481 3146 anno
501 3095 543 3147 54.
561 3109 586 3147 a.
599 3092 669 3147 Chr.
687 3108 729 3157 n.;
749 3108 855 3146 censor
874 3109 952 3146 anno
972 3109 996 3146 a.
1010 3093 1079 3148 Chr.
1097 3109 1125 3146 n.
1144 3094 1186 3147 50.
1206 3097 1311 3145 senatu

175 3180 350 3234 Sallustium
369 3181 474 3243 movit3
493 3194 578 3231 socer
596 3179 682 3231 Bruti
701 3179 795 3246 (Brut.
813 3178 855 3243 77,
873 3178 942 3247 267).

260 3266 281 3333 3)
302 3280 381 3319 cons.
400 3280 478 3318 anno
491 3265 532 3319 50.
546 3280 570 3317 a.
584 3264 653 3318 Chr.
666 3281 695 3318 n.
714 3265 806 3318 Plura
819 3264 856 3318 de
868 3265 1027 3333 utriusque
1041 3265 1102 3318 vita
1113 3264 1312 3317 inveniuntur

176 3353 257 3421 apud
290 3352 458 3406 Bardtium:
491 3350 621 3403 Priester
652 3352 705 3405 der
729 3352 747 3404 4
771 3364 896 3417 grossen
925 3351 1078 3419 Collegien
1104 3350 1211 3417 (Berol.
1237 3351 1312 3419 1871)

176 3457 205 3508 p.
224 3440 270 3503 233
289 3439 330 3495 25.

262 3526 283 3594 ⁴)
303 3527 341 3579 ad
355 3527 422 3578 fam.
436 3526 489 3588 Ill,
499 3525 523 3589 4,
534 3525 563 3578 2:
582 3525 682 3592 „quod
760 3525 817 3578 iam
839 3528 923 3577 antea
941 3523 1108 3577 iudicaram
1121 3524 1312 3591 maximeque

176 3613 243 3667 illo
262 3612 358 3665 libro
378 3611 565 3677 augurali,
584 3627 686 3679 quem
705 3610 747 3664 ad
770 3626 822 3664 me
849 3611 1094 3663 amantissime
1120 3610 1312 3676 scriptum,

178 3699 393 3753 suavissimum
412 3697 544 3751 misisti.“

265 3785 285 3851 ⁶)
304 3785 341 3837 ad
368 3785 436 3837 iam.
463 3783 577 3849 ssuaa
603 3784 693 3851 (anno
720 3801 745 3841 a.
764 3785 832 3837 Chr.
851 3800 880 3838 n.
899 3785 954 3850 50.)
973 3787 1018 3850 ,et
1044 3783 1134 3837 velim
1161 3783 1313 3850 reliquum

178 3873 261 3941 quod
288 3875 333 3924 est
359 3870 499 3936 promissi
526 3887 559 3923 ac
587 3871 722 3923 muneris
749 3871 794 3924 tui
821 3870 894 3923 mibi
922 3870 1082 3936 persolvas,
1102 3885 1171 3922 cum
1198 3870 1313 3936 ipsam

179 3958 428 4027 cognitionem
455 3956 549 4010 iuris
568 3958 718 4026 augurii
737 3957 914 4025 consequi
935 3957 1040 4023 cupio
1060 3961 1123 4009 tum
1142 3957 1313 4009 mehercule

179 4045 240 4099 tuis
258 4043 478 4098 incredibiliter
501 4043 610 4095 studiis
633 4058 704 4111 erga
727 4058 775 4096 me
794 4041 1033 4109 muneribusque
1053 4042 1209 4095 ‹leleetor.“

267 4132 305 4183 ad
318 4131 385 4182 iam.
398 4128 450 4192 III,
462 4130 529 4194 11‚3
547 4129 637 4198 (quae
656 4131 786 4197 epistula
799 4132 913 4197 spectat
925 4129 963 4181 ad
976 4128 1028 4193 Ill,
1039 4130 1078 4196 9);
1100 4143 1184 4192 ,nam
1203 4143 1313 4194 augn-

180 4219 276 4272 rales
299 4216 417 4268 libros
436 4216 471 4268 ad
494 4229 652 4268 commune
671 4215 830 4284 utriusque
849 4218 986 4267 nostrum
1006 4215 1098 4267 otium
1117 4213 1215 4266 serva!
1252 4215 1315 4281 Ego

180 4304 261 4358 enim
284 4320 301 4357 a
324 4306 353 4356 te
377 4316 446 4355 eum
469 4306 520 4354 tue
542 4302 692 4368 promissa
707 4317 763 4370 per
784 4303 898 4355 litteras
915 4300 1086 4369 flagitabam
1105 4301 1142 4353 ad
1160 4300 1269 4353 urbem
1287 4306 1315 4354 te

181 4389 395 4446 otiosissimum
414 4403 479 4442 esse
498 4387 675 4443 arbitrabar.

1178 4467 1208 4522 21
